,代码,名称,最新价,IOPV实时估值,基金折价率,涨跌额,涨跌幅,成交量,成交额,开盘价,最高价,最低价,昨收,振幅,换手率,量比,委比,外盘,内盘,主力净流入-净额,主力净流入-净占比,超大单净流入-净额,超大单净流入-净占比,大单净流入-净额,大单净流入-净占比,中单净流入-净额,中单净流入-净占比,小单净流入-净额,小单净流入-净占比,现手,买一,卖一,最新份额,流通市值,总市值,数据日期,更新时间
0,560850,信创50ETF,1.459,1.4063,-3.75,0.133,10.03,167149,23162253.0,1.38,1.459,1.34,1.326,8.97,26.89,1.46,100.0,94777.0,72372.0,-3525699.0,-15.22,1187343.0,5.13,-4713042.0,-20.35,2258002.0,9.75,1267697.0,5.47,-87,1.459,,62164000.0,90697276,90697276,2024-11-11,2024-11-11 16:11:56+08:00
1,159555,2000增强ETF,1.191,1.1119,-7.11,0.108,9.97,57979,6385234.3,1.077,1.191,1.065,1.083,11.63,16.82,0.75,100.0,37063.0,20916.0,184228.0,2.89,-1432400.0,-22.43,1616628.0,25.32,-72394.0,-1.13,-111834.0,-1.75,-2216,1.191,,34462705.0,41045082,41045082,2024-11-11,2024-11-11 15:34:45+08:00
2,588160,科创材料ETF,0.716,0.6992,-2.4,0.064,9.82,608432,41976959.0,0.664,0.721,0.652,0.652,10.58,24.94,2.51,-7.38,383242.0,225190.0,-2012965.0,-4.8,-1065500.0,-2.54,-947465.0,-2.26,1402134.0,3.34,610831.0,1.46,1220,0.712,0.714,243996000.0,174701136,174701136,2024-11-11,2024-11-11 16:11:46+08:00
3,516700,大数据产业ETF,1.032,1.0112,-2.06,0.077,8.06,162246,16161745.0,0.955,1.048,0.95,0.955,10.26,28.16,2.02,28.14,99607.0,62639.0,-1611148.0,-9.97,-245603.0,-1.52,-1365545.0,-8.45,714877.0,4.42,896271.0,5.55,-1,1.041,1.048,57622000.0,59465904,59465904,2024-11-11,2024-11-11 16:11:54+08:00
4,159558,半导体材料设备ETF,1.473,1.4695,-0.24,0.108,7.91,638958,93251494.985,1.397,1.496,1.369,1.365,9.3,97.03,8.89,88.5,336910.0,302048.0,-18126029.0,-19.44,-20569101.0,-22.06,2443072.0,2.62,2374994.0,2.55,15751035.0,16.89,-8582,1.473,1.474,65854641.0,97003886,97003886,2024-11-11,2024-11-11 15:35:00+08:00
5,562590,半导体材料ETF,1.336,1.3252,-0.81,0.096,7.74,764123,100477948.0,1.32,1.358,1.264,1.24,7.58,45.85,3.39,35.23,421287.0,342836.0,-34225914.0,-34.06,-33725043.0,-33.56,-500871.0,-0.5,17811832.0,17.73,16414082.0,16.34,-5,1.338,1.34,166663000.0,222661768,222661768,2024-11-11,2024-11-11 16:11:47+08:00
6,588010,科创新材料ETF,0.693,0.6883,-0.68,0.049,7.61,1492582,100860692.0,0.644,0.695,0.644,0.644,7.92,18.76,1.64,27.25,861709.0,630873.0,17437578.0,17.29,27073187.0,26.84,-9635609.0,-9.55,-12970933.0,-12.86,-4466644.0,-4.43,-160,0.693,0.694,795425808.0,551230085,551230085,2024-11-11,2024-11-11 16:11:50+08:00
7,159516,半导体设备ETF,1.27,1.2684,-0.13,0.089,7.54,4920391,617206056.163,1.208,1.299,1.195,1.181,8.81,56.39,3.57,92.13,2754483.0,2165908.0,-157004419.0,-25.44,-189277575.0,-30.67,32273156.0,5.23,101386946.0,16.43,55617466.0,9.01,-120314,1.27,1.271,872590000.0,1108189300,1108189300,2024-11-11,2024-11-11 15:34:51+08:00
8,159599,芯片ETF基金,1.609,1.5952,-0.87,0.108,7.2,448143,70449680.7,1.546,1.609,1.517,1.501,6.13,10.26,1.7,84.69,248370.0,199773.0,-5030561.0,-7.14,-13482964.0,-19.14,8452403.0,12.0,2208861.0,3.14,2821700.0,4.01,-6784,1.609,1.61,436822064.0,702846701,702846701,2024-11-11,2024-11-11 15:34:54+08:00
9,159327,半导体设备ETF基金,1.498,1.498,0.0,0.099,7.08,405297,60107143.68,1.417,1.525,1.4,1.399,8.93,56.67,2.99,42.33,220466.0,184830.0,-13129200.0,-21.84,-8962642.0,-14.91,-4166558.0,-6.93,6918664.0,11.51,6210536.0,10.33,-6191,1.498,1.499,71524697.0,107143996,107143996,2024-11-11,2024-11-11 15:34:54+08:00
10,516000,数据ETF,1.038,1.0312,-0.66,0.068,7.01,311773,31781044.0,0.975,1.045,0.975,0.97,7.22,17.83,1.63,4.33,192383.0,119390.0,-5661104.0,-17.81,-5077111.0,-15.98,-583993.0,-1.84,3664471.0,11.53,1996633.0,6.28,6,1.037,1.038,174855000.0,181499490,181499490,2024-11-11,2024-11-11 16:12:02+08:00
11,562570,信创ETF,1.384,1.3701,-1.01,0.09,6.96,249163,33777305.0,1.311,1.399,1.296,1.294,7.96,45.9,2.36,7.81,107889.0,141274.0,-3495021.0,-10.35,404572.0,1.2,-3899593.0,-11.55,665540.0,1.97,2829482.0,8.38,-10,1.385,1.387,54281000.0,75124904,75124904,2024-11-11,2024-11-11 16:11:53+08:00
12,159582,半导体产业ETF,1.675,1.6712,-0.23,0.107,6.82,319881,52994406.049,1.61,1.69,1.595,1.568,6.06,38.72,1.69,-80.36,200812.0,119069.0,-7114283.0,-13.42,-9670896.0,-18.25,2556613.0,4.82,3049074.0,5.75,4065208.0,7.67,3001,1.674,1.675,82621621.0,138391215,138391215,2024-11-11,2024-11-11 15:34:48+08:00
13,515400,大数据ETF,0.97,0.9637,-0.65,0.061,6.71,2192842,207051566.0,0.913,0.975,0.91,0.909,7.15,19.19,2.16,-33.27,971575.0,1221267.0,-1885950.0,-0.91,-9713585.0,-4.69,7827635.0,3.78,2575280.0,1.24,-689330.0,-0.33,1009,0.969,0.97,1142631408.0,1108352466,1108352466,2024-11-11,2024-11-11 16:11:45+08:00
14,588200,科创芯片ETF,1.58,1.5765,-0.22,0.099,6.68,51402041,7979458689.0,1.502,1.58,1.493,1.481,5.87,27.11,1.26,-13.08,26594624.0,24807417.0,552398272.0,6.92,694061776.0,8.7,-141663504.0,-1.78,-264740032.0,-3.32,-287658256.0,-3.6,1158,1.579,1.58,18963894784.0,29962953759,29962953759,2024-11-11,2024-11-11 16:11:53+08:00
15,159539,信创50ETF,1.286,1.2685,-1.38,0.08,6.63,155754,19470729.8,1.239,1.286,1.206,1.206,6.63,24.89,1.41,80.4,89595.0,66159.0,-2126802.0,-10.92,-266358.0,-1.37,-1860444.0,-9.56,1229600.0,6.32,897201.0,4.61,-314,1.286,1.287,62565182.0,80458824,80458824,2024-11-11,2024-11-11 15:34:24+08:00
16,159813,半导体ETF,0.872,0.87,-0.23,0.053,6.47,9098616,777445695.743,0.827,0.872,0.821,0.819,6.23,13.41,1.23,65.7,5082909.0,4015707.0,60357204.0,7.76,125768827.0,16.18,-65411623.0,-8.41,-38455122.0,-4.95,-21902075.0,-2.82,-60931,0.872,0.873,6785862400.0,5917272013,5917272013,2024-11-11,2024-11-11 15:34:33+08:00
17,561980,半导体设备ETF,1.501,1.499,-0.13,0.091,6.45,1250459,185817448.0,1.46,1.521,1.432,1.41,6.31,23.95,2.67,9.38,661574.0,588885.0,-48988525.0,-26.36,-33089144.0,-17.81,-15899381.0,-8.56,19788767.0,10.65,29199758.0,15.71,-173,1.501,1.502,522110000.0,783687110,783687110,2024-11-11,2024-11-11 16:11:56+08:00
18,588990,科创芯片ETF博时,1.65,1.6491,-0.05,0.1,6.45,655267,106347286.0,1.557,1.654,1.557,1.55,6.26,24.29,1.05,32.66,372726.0,282541.0,22945764.0,21.58,27770278.0,26.11,-4824514.0,-4.54,-13223080.0,-12.43,-9722684.0,-9.14,170,1.649,1.65,269745408.0,445079923,445079923,2024-11-11,2024-11-11 16:11:54+08:00
19,159538,信创ETF富国,1.304,1.2987,-0.41,0.079,6.45,122129,15670440.076,1.224,1.306,1.223,1.225,6.78,26.96,1.6,-90.78,74238.0,47891.0,-578818.0,-3.69,2570931.0,16.41,-3149749.0,-20.1,382652.0,2.44,196166.0,1.25,784,1.303,1.304,45304483.0,59077046,59077046,2024-11-11,2024-11-11 15:34:21+08:00
20,512760,芯片ETF,1.26,1.256,-0.32,0.076,6.42,11087485,1372380299.0,1.193,1.26,1.192,1.184,5.74,8.75,1.37,-40.47,5991941.0,5095544.0,113369776.0,8.26,149270208.0,10.88,-35900432.0,-2.62,-56522545.0,-4.12,-56847237.0,-4.14,3444,1.259,1.26,12666322688.0,15959566587,15959566587,2024-11-11,2024-11-11 16:12:00+08:00
21,588890,科创芯片ETF南方,1.776,1.769,-0.4,0.107,6.41,323496,56376629.0,1.679,1.777,1.679,1.669,5.87,12.26,1.11,-11.15,182661.0,140835.0,14094388.0,25.0,7646097.0,13.56,6448291.0,11.44,-8849175.0,-15.7,-5245213.0,-9.3,-39,1.776,1.777,263810000.0,468526560,468526560,2024-11-11,2024-11-11 16:11:38+08:00
22,159890,云计算ETF,1.287,1.2767,-0.81,0.077,6.36,209668,26251444.821,1.214,1.287,1.2,1.21,7.19,17.98,1.12,96.74,143471.0,66197.0,621132.0,2.37,389478.0,1.48,231654.0,0.88,-191080.0,-0.73,-430052.0,-1.64,-2275,1.287,1.288,116590688.0,150052215,150052215,2024-11-11,2024-11-11 15:34:45+08:00
23,159995,芯片ETF,1.355,1.3542,-0.06,0.081,6.36,17263837,2290109425.237,1.288,1.356,1.282,1.274,5.81,7.43,1.4,-6.15,9526128.0,7737709.0,178905088.0,7.81,101074112.0,4.41,77830976.0,3.4,-94111840.0,-4.11,-84793240.0,-3.7,-103377,1.355,1.356,23228562944.0,31474702789,31474702789,2024-11-11,2024-11-11 15:34:51+08:00
24,588290,科创芯片ETF基金,1.54,1.5396,-0.03,0.092,6.35,3149060,477297298.0,1.463,1.544,1.45,1.448,6.49,16.06,1.17,-19.29,1800323.0,1348737.0,46924588.0,9.83,43157511.0,9.04,3767077.0,0.79,-28077915.0,-5.88,-18846674.0,-3.95,10,1.539,1.54,1961397008.0,3020551392,3020551392,2024-11-11,2024-11-11 16:11:52+08:00
25,516640,芯片龙头ETF,0.826,0.8244,-0.19,0.049,6.31,1691211,137212576.0,0.785,0.826,0.78,0.777,5.92,10.33,1.43,-55.71,983794.0,707416.0,4919555.0,3.59,15699811.0,11.44,-10780256.0,-7.86,-3257463.0,-2.37,-1662093.0,-1.21,1000,0.825,0.826,1636482800.0,1351734793,1351734793,2024-11-11,2024-11-11 16:11:36+08:00
26,159801,芯片ETF龙头,0.675,0.6743,-0.1,0.04,6.3,3546560,234562247.274,0.641,0.676,0.636,0.635,6.3,6.47,1.44,-10.24,2038941.0,1507619.0,10174365.0,4.34,16623598.0,7.09,-6449233.0,-2.75,-8196255.0,-3.49,-1978111.0,-0.84,25164,0.674,0.675,5480120064.0,3699081043,3699081043,2024-11-11,2024-11-11 15:34:18+08:00
27,159804,创中盘88ETF,1.34,1.3343,-0.43,0.079,6.26,20044,2645730.06,1.272,1.34,1.272,1.261,5.39,1.81,1.56,-10.03,12191.0,7853.0,-257080.0,-9.72,0.0,0.0,-257080.0,-9.72,346555.0,13.1,-89474.0,-3.38,1735,1.336,1.34,110899676.0,148605566,148605566,2024-11-11,2024-11-11 15:34:57+08:00
28,516920,芯片50ETF,0.806,0.8046,-0.17,0.047,6.19,617860,49020789.0,0.761,0.807,0.761,0.759,6.06,8.4,1.4,-13.3,320977.0,296883.0,2262343.0,4.62,1457966.0,2.97,804377.0,1.64,-2434893.0,-4.97,172551.0,0.35,4,0.805,0.806,735963008.0,593186184,593186184,2024-11-11,2024-11-11 16:11:58+08:00
29,512480,半导体ETF,1.121,1.1194,-0.14,0.065,6.16,30600193,3380000129.0,1.067,1.125,1.067,1.056,5.49,12.16,1.2,-55.45,16391823.0,14208370.0,300148400.0,8.88,361307728.0,10.69,-61159328.0,-1.81,-175413280.0,-5.19,-124735104.0,-3.69,12677,1.12,1.121,25159003648.0,28203243089,28203243089,2024-11-11,2024-11-11 16:11:43+08:00
30,588500,科创100ETF增强,1.438,1.4345,-0.24,0.083,6.13,368348,51975487.0,1.35,1.438,1.35,1.355,6.49,11.28,1.16,-28.49,226310.0,142038.0,17379489.0,33.44,19495379.0,37.51,-2115890.0,-4.07,-11598774.0,-22.32,-5780715.0,-11.12,1,1.436,1.437,326647008.0,469718398,469718398,2024-11-11,2024-11-11 16:11:38+08:00
31,588830,科创新能源ETF,1.456,1.4486,-0.51,0.084,6.12,882050,125405130.0,1.355,1.456,1.355,1.372,7.36,22.17,0.97,53.22,476805.0,405245.0,34726305.0,27.69,32881358.0,26.22,1844947.0,1.47,-19212300.0,-15.32,-15514005.0,-12.37,430,1.456,1.457,397847904.0,579266548,579266548,2024-11-11,2024-11-11 16:11:41+08:00
32,159840,锂电池ETF,0.601,0.5979,-0.52,0.034,6.0,1799620,105421525.336,0.559,0.602,0.559,0.567,7.58,9.64,1.19,31.38,1124951.0,674669.0,20724021.0,19.66,25155789.0,23.86,-4431768.0,-4.2,-12898522.0,-12.24,-7825499.0,-7.42,-18700,0.601,0.602,1866574848.0,1121811484,1121811484,2024-11-11,2024-11-11 15:34:24+08:00
33,562030,信创ETF基金,1.062,1.0568,-0.49,0.06,5.99,139354,14460345.0,1.025,1.062,0.997,1.002,6.49,24.67,0.87,69.74,83593.0,55761.0,-1378362.0,-9.53,1159030.0,8.02,-2537392.0,-17.55,964804.0,6.67,413558.0,2.86,100,1.063,1.066,56486900.0,59989088,59989088,2024-11-11,2024-11-11 16:11:50+08:00
34,159665,半导体龙头ETF,1.373,1.3725,-0.04,0.077,5.94,586399,79060119.632,1.322,1.373,1.301,1.296,5.56,15.74,1.2,29.06,300719.0,285680.0,10691425.0,13.52,13832553.0,17.5,-3141128.0,-3.97,-7432575.0,-9.4,-3258850.0,-4.12,6207,1.372,1.373,372576864.0,511548034,511548034,2024-11-11,2024-11-11 15:34:33+08:00
35,159755,电池ETF,0.751,0.7472,-0.51,0.042,5.92,4288346,314668035.122,0.7,0.752,0.695,0.709,8.04,8.81,1.52,19.85,2446927.0,1841419.0,48460125.0,15.4,41088850.0,13.06,7371275.0,2.34,-32769489.0,-10.41,-15690635.0,-4.99,-44032,0.751,0.752,4865646848.0,3654100783,3654100783,2024-11-11,2024-11-11 15:34:27+08:00
36,516350,半导体芯片ETF,0.915,0.9122,-0.31,0.051,5.9,1729630,155302385.0,0.867,0.918,0.861,0.864,6.6,12.68,1.23,-14.49,882667.0,846963.0,-3505853.0,-2.26,-7448903.0,-4.8,3943050.0,2.54,574684.0,0.37,2931170.0,1.89,1114,0.914,0.915,1364415296.0,1248439996,1248439996,2024-11-11,2024-11-11 16:11:56+08:00
37,159540,信创ETF易方达,1.297,1.2963,-0.05,0.072,5.88,87929,11208631.8,1.225,1.311,1.225,1.225,7.02,8.1,1.26,-28.6,53001.0,34928.0,-1587015.0,-14.16,-1904366.0,-16.99,317351.0,2.83,942093.0,8.41,644922.0,5.75,-78,1.297,1.298,108505191.0,140731233,140731233,2024-11-11,2024-11-11 15:34:09+08:00
38,159796,电池50ETF,0.685,0.6819,-0.45,0.038,5.87,853467,56935119.2,0.636,0.687,0.636,0.647,7.88,4.92,1.26,29.02,470265.0,383202.0,1942389.0,3.41,5193442.0,9.12,-3251053.0,-5.71,-950175.0,-1.67,-992214.0,-1.74,-5378,0.685,0.687,1735467552.0,1188795273,1188795273,2024-11-11,2024-11-11 15:35:03+08:00
39,159767,电池龙头ETF,0.613,0.61,-0.49,0.034,5.87,296963,17656341.5,0.567,0.613,0.567,0.579,7.94,12.48,1.97,81.15,227021.0,69942.0,4312611.0,24.43,5818907.0,32.96,-1506296.0,-8.53,-3114599.0,-17.64,-1198012.0,-6.79,1766,0.612,0.613,237873672.0,145816561,145816561,2024-11-11,2024-11-11 15:34:51+08:00
40,516510,云计算ETF,1.27,1.2635,-0.51,0.07,5.83,1000021,123876273.0,1.198,1.275,1.196,1.2,6.58,13.13,1.1,-16.06,554185.0,445836.0,2397907.0,1.94,5782278.0,4.67,-3384371.0,-2.73,-456270.0,-0.37,-1941637.0,-1.57,30,1.268,1.27,761890000.0,967600300,967600300,2024-11-11,2024-11-11 16:11:38+08:00
41,159325,半导体精选ETF,1.134,1.1359,0.17,0.062,5.78,605084,67587626.735,1.076,1.149,1.076,1.072,6.81,31.77,0.71,30.05,326563.0,278522.0,2018697.0,2.99,672281.0,0.99,1346416.0,1.99,-840070.0,-1.24,-1178627.0,-1.74,-5009,1.134,1.135,190460528.0,215982239,215982239,2024-11-11,2024-11-11 15:34:06+08:00
42,159560,芯片50ETF,1.272,1.2652,-0.54,0.069,5.74,431864,54029944.011,1.205,1.273,1.205,1.203,5.65,22.74,1.5,54.69,216300.0,215564.0,-262352.0,-0.49,1021859.0,1.89,-1284211.0,-2.38,7886.0,0.01,254465.0,0.47,-978,1.272,1.273,189916460.0,241573737,241573737,2024-11-11,2024-11-11 15:34:33+08:00
43,515980,人工智能ETF,1.053,1.0498,-0.3,0.057,5.72,1666429,172201699.0,0.996,1.056,0.993,0.996,6.33,9.57,1.18,-27.24,892075.0,774354.0,39320766.0,22.83,52814996.0,30.67,-13494230.0,-7.84,-23008095.0,-13.36,-16312671.0,-9.47,5,1.052,1.054,1742064496.0,1834393914,1834393914,2024-11-11,2024-11-11 16:11:34+08:00
44,588680,科创100增强ETF,1.407,1.4053,-0.12,0.076,5.71,139169,19303986.0,1.333,1.414,1.333,1.331,6.09,26.08,2.18,19.21,68414.0,70755.0,1418076.0,7.35,2656002.0,13.76,-1237926.0,-6.41,-932607.0,-4.83,-485468.0,-2.51,12,1.406,1.408,53361000.0,75078927,75078927,2024-11-11,2024-11-11 16:11:35+08:00
45,159806,新能源车ETF,0.593,0.5908,-0.37,0.032,5.7,1225291,70888468.846,0.56,0.593,0.556,0.561,6.6,5.42,1.51,-64.33,674534.0,550757.0,12703577.0,17.92,14910946.0,21.03,-2207369.0,-3.11,-8522379.0,-12.02,-4181198.0,-5.9,2895,0.592,0.593,2260089440.0,1340233038,1340233038,2024-11-11,2024-11-11 15:34:57+08:00
46,159310,芯片产业ETF,1.594,1.5939,-0.01,0.086,5.7,196177,30803137.158,1.506,1.6,1.506,1.508,6.23,2.84,1.32,-51.42,97386.0,98791.0,-5187354.0,-16.84,-3285125.0,-10.66,-1902229.0,-6.18,3761634.0,12.21,1425721.0,4.63,5305,1.593,1.594,690981088.0,1101423854,1101423854,2024-11-11,2024-11-11 15:34:57+08:00
47,561910,电池ETF,0.575,0.572,-0.52,0.031,5.7,1262507,70690006.0,0.54,0.577,0.535,0.544,7.72,12.65,1.3,-9.37,760891.0,501616.0,12801279.0,18.11,9541240.0,13.5,3260039.0,4.61,-9182285.0,-12.99,-3618992.0,-5.12,-1004,0.576,0.577,998076608.0,573894050,573894050,2024-11-11,2024-11-11 16:11:34+08:00
48,159527,数据ETF,1.616,1.6108,-0.32,0.087,5.69,43167,6901992.5,1.529,1.623,1.519,1.529,6.8,12.66,1.48,15.44,24307.0,18860.0,-767232.0,-11.12,-391877.0,-5.68,-375355.0,-5.44,396180.0,5.74,371052.0,5.38,-56,1.616,1.62,34100450.0,55106327,55106327,2024-11-11,2024-11-11 15:34:45+08:00
49,588190,科创100ETF,1.022,1.0199,-0.21,0.055,5.69,7842597,787202851.0,0.97,1.023,0.968,0.967,5.69,11.1,1.08,-71.51,4904273.0,2938324.0,102544851.0,13.03,173099504.0,21.99,-70554653.0,-8.96,-72880315.0,-9.26,-29664526.0,-3.77,2267,1.021,1.022,7066618368.0,7222083972,7222083972,2024-11-11,2024-11-11 16:12:02+08:00
50,159739,大数据ETF,1.209,1.2048,-0.35,0.065,5.68,280656,33241031.206,1.146,1.215,1.14,1.144,6.56,16.73,1.21,-27.77,177039.0,103617.0,1994886.0,6.0,2747325.0,8.26,-752439.0,-2.26,-1256894.0,-3.78,-737991.0,-2.22,-373,1.209,1.21,167780615.0,202846764,202846764,2024-11-11,2024-11-11 15:34:42+08:00
51,516800,智能制造ETF,1.211,1.2083,-0.22,0.065,5.67,193949,23198629.0,1.146,1.215,1.146,1.146,6.02,11.07,1.57,11.57,129787.0,64162.0,354328.0,1.53,2812338.0,12.12,-2458010.0,-10.6,518969.0,2.24,-873297.0,-3.76,-123,1.21,1.212,175154000.0,212111494,212111494,2024-11-11,2024-11-11 16:11:36+08:00
52,588120,科创板100ETF,1.027,1.0256,-0.14,0.055,5.66,2204041,222621253.0,0.975,1.027,0.97,0.972,5.86,11.68,1.09,-73.07,1274647.0,929394.0,25216963.0,11.33,11503872.0,5.17,13713091.0,6.16,-16011919.0,-7.19,-9205043.0,-4.13,19,1.025,1.026,1887811008.0,1938781905,1938781905,2024-11-11,2024-11-11 16:12:00+08:00
53,159613,信息安全ETF,0.99,0.9853,-0.48,0.053,5.66,194171,18893150.257,0.937,0.997,0.921,0.937,8.11,19.11,1.26,-75.9,113141.0,81030.0,-1420899.0,-7.52,587037.0,3.11,-2007936.0,-10.63,1157459.0,6.13,263440.0,1.39,-2473,0.99,0.992,101590217.0,100574315,100574315,2024-11-11,2024-11-11 15:34:27+08:00
54,159559,机器人ETF基金,1.127,1.118,-0.81,0.06,5.62,76216,8415250.98,1.085,1.127,1.065,1.067,5.81,14.5,0.75,90.66,37439.0,38777.0,119993.0,1.43,506435.0,6.02,-386442.0,-4.59,89303.0,1.06,-209297.0,-2.49,-102,1.127,1.128,52576622.0,59253853,59253853,2024-11-11,2024-11-11 15:34:51+08:00
55,516480,新材料ETF基金,0.717,0.7042,-1.82,0.038,5.6,13572,943064.0,0.678,0.72,0.678,0.679,6.19,5.62,1.2,85.74,6720.0,6852.0,66751.0,7.08,0.0,0.0,66751.0,7.08,-22177.0,-2.35,-44575.0,-4.73,-49,0.71,0.719,24146100.0,17312754,17312754,2024-11-11,2024-11-11 16:11:41+08:00
56,588220,科创100ETF基金,1.026,1.0239,-0.21,0.054,5.56,8630276,870791044.0,0.975,1.026,0.971,0.972,5.66,10.37,1.05,-51.77,5259720.0,3370556.0,86354576.0,9.92,111124080.0,12.76,-24769504.0,-2.84,-62337072.0,-7.16,-24017516.0,-2.76,421,1.025,1.026,8324697856.0,8541140000,8541140000,2024-11-11,2024-11-11 16:11:58+08:00
57,588800,科创100ETF华夏,0.99,0.9875,-0.25,0.052,5.54,14428615,1407371284.0,0.938,0.991,0.935,0.938,5.97,25.12,2.33,-5.07,4537471.0,9891145.0,98291216.0,6.98,137619536.0,9.78,-39328320.0,-2.79,-67469597.0,-4.79,-30821643.0,-2.19,246,0.989,0.99,5744877056.0,5687428285,5687428285,2024-11-11,2024-11-11 16:11:58+08:00
58,515700,新能车ETF,1.815,1.8071,-0.44,0.095,5.52,1023627,181901390.0,1.705,1.816,1.699,1.72,6.8,5.07,1.5,35.75,645138.0,378489.0,12302095.0,6.76,12128038.0,6.67,174057.0,0.1,-5459457.0,-3.0,-6842640.0,-3.76,-4796,1.815,1.816,2020510208.0,3667226028,3667226028,2024-11-11,2024-11-11 16:11:59+08:00
59,159537,信创ETF,1.283,1.2789,-0.32,0.067,5.51,223157,28172259.698,1.244,1.29,1.216,1.216,6.09,31.59,1.61,91.71,105882.0,117275.0,-4465753.0,-15.85,196582.0,0.7,-4662335.0,-16.55,2013387.0,7.15,2452366.0,8.7,-3044,1.283,1.286,70642602.0,90634458,90634458,2024-11-11,2024-11-11 15:34:06+08:00
60,516630,云计算50ETF,1.227,1.2271,0.01,0.064,5.5,173106,20826391.0,1.163,1.235,1.156,1.163,6.79,13.1,1.05,-19.61,98860.0,74246.0,1742146.0,8.37,2959123.0,14.21,-1216977.0,-5.84,-1157144.0,-5.56,-585003.0,-2.81,10,1.225,1.227,132156000.0,162155412,162155412,2024-11-11,2024-11-11 16:11:45+08:00
61,159819,人工智能ETF,0.982,0.9768,-0.53,0.051,5.48,6721800,648994032.329,0.929,0.985,0.925,0.931,6.44,9.34,1.22,19.6,4106897.0,2614903.0,66675747.0,10.27,21363937.0,3.29,45311810.0,6.98,-36043945.0,-5.55,-30631805.0,-4.72,-76263,0.982,0.983,7195229696.0,7065715561,7065715561,2024-11-11,2024-11-11 15:34:06+08:00
62,159998,计算机ETF,1.006,1.002,-0.4,0.052,5.45,1043949,102874939.7,0.953,1.008,0.945,0.954,6.6,4.51,0.89,45.77,664642.0,379307.0,-6162098.0,-5.99,-406338.0,-0.39,-5755760.0,-5.59,3047586.0,2.96,3114511.0,3.03,-7889,1.006,1.007,2314655360.0,2328543292,2328543292,2024-11-11,2024-11-11 15:34:45+08:00
63,159728,在线消费ETF,0.854,0.8535,-0.06,0.044,5.43,82754,6987385.0,0.818,0.855,0.816,0.81,4.81,11.67,1.36,74.45,50816.0,31938.0,293026.0,4.19,2290346.0,32.78,-1997320.0,-28.58,-131698.0,-1.88,-161328.0,-2.31,-46,0.854,0.855,70910129.0,60557250,60557250,2024-11-11,2024-11-11 15:34:48+08:00
64,588260,科创信息ETF,1.382,1.3828,0.06,0.071,5.42,242692,33102643.0,1.319,1.383,1.31,1.311,5.57,14.82,1.04,-16.65,146918.0,95774.0,6940276.0,20.97,10648711.0,32.17,-3708435.0,-11.2,-4369203.0,-13.2,-2571074.0,-7.77,-123,1.382,1.383,163746000.0,226296972,226296972,2024-11-11,2024-11-11 16:11:44+08:00
65,159546,集成电路ETF,1.354,1.358,0.29,0.069,5.37,186798,25004796.6,1.414,1.414,1.258,1.285,12.14,19.81,0.89,24.06,97398.0,89400.0,1210068.0,4.84,3687914.0,14.75,-2477846.0,-9.91,-1421767.0,-5.69,211699.0,0.85,-523,1.354,1.355,94309274.0,127694757,127694757,2024-11-11,2024-11-11 15:34:15+08:00
66,588030,科创100指数ETF,1.022,1.0216,-0.04,0.052,5.36,9846370,989687686.0,0.971,1.024,0.966,0.97,5.98,10.35,1.19,-62.84,5462429.0,4383941.0,127966205.0,12.93,144714384.0,14.62,-16748179.0,-1.69,-87038416.0,-8.79,-40927788.0,-4.14,1,1.021,1.022,9512838144.0,9722120583,9722120583,2024-11-11,2024-11-11 16:11:50+08:00
67,588100,科创信息技术ETF,1.396,1.3954,-0.04,0.071,5.36,415225,57122025.0,1.327,1.397,1.322,1.325,5.66,12.73,0.95,-56.93,227370.0,187855.0,8778061.0,15.37,7177247.0,12.56,1600814.0,2.8,-4873428.0,-8.53,-3904631.0,-6.84,111,1.396,1.397,326248704.0,455443191,455443191,2024-11-11,2024-11-11 16:11:43+08:00
68,588880,科创100ETF指数,0.985,0.9844,-0.06,0.05,5.35,690019,67050043.0,0.935,0.986,0.932,0.935,5.78,14.83,1.46,-22.8,334466.0,355553.0,7261473.0,10.83,14390304.0,21.46,-7128831.0,-10.63,-5502029.0,-8.21,-1759444.0,-2.62,1,0.984,0.985,465368000.0,458387480,458387480,2024-11-11,2024-11-11 16:11:54+08:00
69,562880,电池ETF基金,0.593,0.5932,0.03,0.03,5.33,272006,15802102.0,0.554,0.593,0.554,0.563,6.93,5.0,1.07,-3.61,189815.0,82191.0,3126600.0,19.79,4581451.0,28.99,-1454851.0,-9.21,-2192750.0,-13.88,-933850.0,-5.91,600,0.592,0.593,544399600.0,322828963,322828963,2024-11-11,2024-11-11 16:11:59+08:00
70,588210,科创100ETF易方达,0.99,0.9901,0.01,0.05,5.32,257830,25132237.0,0.94,0.992,0.933,0.94,6.28,7.35,1.34,-7.55,141213.0,116617.0,1215727.0,4.84,2094036.0,8.33,-878309.0,-3.49,-446105.0,-1.78,-769621.0,-3.06,320,0.989,0.99,350754000.0,347246460,347246460,2024-11-11,2024-11-11 16:11:40+08:00
71,515070,人工智能AIETF,1.25,1.2471,-0.23,0.063,5.31,1604881,196495720.0,1.18,1.256,1.178,1.187,6.57,6.97,1.33,-23.89,905498.0,699383.0,20400606.0,10.38,32845942.0,16.72,-12445336.0,-6.33,-9125697.0,-4.64,-11274909.0,-5.74,51,1.249,1.251,2302970208.0,2878712760,2878712760,2024-11-11,2024-11-11 16:11:48+08:00
72,561160,锂电池ETF,0.576,0.5751,-0.16,0.029,5.3,887806,50033013.0,0.537,0.576,0.537,0.547,7.13,6.78,1.15,-19.64,496006.0,391800.0,9896893.0,19.78,12964136.0,25.91,-3067243.0,-6.13,-6771494.0,-13.53,-3125399.0,-6.25,11,0.575,0.576,1310335008.0,754752965,754752965,2024-11-11,2024-11-11 16:12:00+08:00
73,159757,电池30ETF,0.616,0.616,0.0,0.031,5.3,412939,24908258.4,0.58,0.617,0.575,0.585,7.18,7.01,1.11,-30.69,276263.0,136676.0,4946685.0,19.86,7295127.0,29.29,-2348442.0,-9.43,-3622622.0,-14.54,-1324063.0,-5.32,3881,0.615,0.616,588931888.0,362782043,362782043,2024-11-11,2024-11-11 15:34:27+08:00
74,515230,软件ETF,0.915,0.9124,-0.28,0.046,5.29,2800624,249986986.0,0.868,0.916,0.857,0.869,6.79,20.73,1.17,-45.62,1126016.0,1674608.0,8171863.0,3.27,12327987.0,4.93,-4156124.0,-1.66,-4229754.0,-1.69,-3942109.0,-1.58,43,0.914,0.915,1350690896.0,1235882170,1235882170,2024-11-11,2024-11-11 16:11:49+08:00
75,516770,游戏动漫ETF,1.157,1.1638,0.58,0.058,5.28,266186,30224028.0,1.097,1.162,1.08,1.099,7.46,20.01,1.06,8.6,151123.0,115063.0,3508538.0,11.61,2020531.0,6.69,1488007.0,4.92,-1303359.0,-4.31,-2205178.0,-7.3,109,1.155,1.157,133048000.0,153936536,153936536,2024-11-11,2024-11-11 16:11:41+08:00
76,159824,新能车ETF,0.905,0.9041,-0.1,0.045,5.23,192380,17067487.172,0.845,0.906,0.845,0.86,7.09,7.75,1.48,67.28,126351.0,66029.0,3335187.0,19.54,4283573.0,25.1,-948386.0,-5.56,-1312020.0,-7.69,-2023166.0,-11.85,-1168,0.905,0.906,248135070.0,224562238,224562238,2024-11-11,2024-11-11 15:34:06+08:00
77,515030,新能源车ETF,1.368,1.3615,-0.48,0.068,5.23,2323604,310917901.0,1.287,1.369,1.282,1.3,6.69,5.68,0.98,-8.51,1351768.0,971836.0,59051454.0,18.99,50520899.0,16.25,8530555.0,2.74,-28042989.0,-9.02,-31008466.0,-9.97,325,1.367,1.368,4094384000.0,5601117312,5601117312,2024-11-11,2024-11-11 16:12:00+08:00
78,562820,集成电路ETF,1.673,1.6712,-0.11,0.083,5.22,48984,8072995.0,1.59,1.675,1.576,1.59,6.23,15.24,0.51,-14.51,26758.0,22226.0,689358.0,8.54,0.0,0.0,689358.0,8.54,-635858.0,-7.88,-53500.0,-0.66,-62,1.671,1.674,32136000.0,53763528,53763528,2024-11-11,2024-11-11 16:11:57+08:00
79,512720,计算机ETF,1.195,1.1923,-0.23,0.059,5.19,1315637,154007743.0,1.135,1.199,1.119,1.136,7.04,11.07,1.29,33.86,512881.0,802756.0,2363064.0,1.53,6478944.0,4.21,-4115880.0,-2.67,-631948.0,-0.41,-1731116.0,-1.12,8,1.194,1.195,1188453408.0,1420201823,1420201823,2024-11-11,2024-11-11 16:11:43+08:00
80,159869,游戏ETF,1.121,1.1265,0.49,0.055,5.16,6842178,749256662.659,1.054,1.123,1.051,1.066,6.75,10.83,0.86,33.67,4033591.0,2808587.0,21405079.0,2.86,-3659360.0,-0.49,25064439.0,3.35,-826528.0,-0.11,-20578565.0,-2.75,-33892,1.121,1.122,6319082240.0,7083691191,7083691191,2024-11-11,2024-11-11 15:35:00+08:00
81,159939,信息技术ETF,0.696,0.6934,-0.37,0.034,5.14,1241025,85023783.253,0.664,0.697,0.661,0.662,5.44,3.81,1.85,-27.2,702013.0,539012.0,7180406.0,8.45,6088942.0,7.16,1091464.0,1.28,-2997961.0,-3.53,-4182443.0,-4.92,-7572,0.696,0.697,3253656112.0,2264544654,2264544654,2024-11-11,2024-11-11 15:34:21+08:00
82,516390,新能源汽车ETF,0.737,0.7367,-0.04,0.036,5.14,628254,45451998.0,0.696,0.738,0.693,0.701,6.42,9.72,1.43,-36.32,417132.0,211122.0,13048659.0,28.71,11702607.0,25.75,1346052.0,2.96,-8242470.0,-18.13,-4806189.0,-10.57,-100,0.737,0.738,646261008.0,476294363,476294363,2024-11-11,2024-11-11 16:11:34+08:00
83,588900,科创100ETF南方,1.024,1.0239,-0.01,0.05,5.13,581062,58492574.0,0.973,1.025,0.968,0.974,5.85,14.08,1.55,-48.4,355894.0,225168.0,6041759.0,10.33,7601950.0,13.0,-1560191.0,-2.67,-4629760.0,-7.92,-1411998.0,-2.41,-3,1.024,1.025,412783008.0,422689800,422689800,2024-11-11,2024-11-11 16:11:37+08:00
84,588450,科创50ETF增强,1.394,1.3922,-0.13,0.068,5.13,200339,27468888.0,1.325,1.394,1.32,1.326,5.58,15.83,1.16,-21.06,109957.0,90382.0,5593159.0,20.36,590903.0,2.15,5002256.0,18.21,-3680439.0,-13.4,-1912721.0,-6.96,10,1.391,1.392,126568700.0,176436768,176436768,2024-11-11,2024-11-11 16:11:46+08:00
85,562920,信息安全ETF,1.049,1.0484,-0.06,0.051,5.11,126017,12921350.0,1.009,1.059,0.998,0.998,6.11,17.73,2.15,23.81,66866.0,59151.0,-480478.0,-3.72,116869.0,0.9,-597347.0,-4.62,46446.0,0.36,434032.0,3.36,-10,1.051,1.053,71069000.0,74551381,74551381,2024-11-11,2024-11-11 16:11:43+08:00
86,560660,云50ETF,1.199,1.1997,0.06,0.058,5.08,36742,4326454.0,1.141,1.205,1.14,1.141,5.7,6.68,0.93,-82.63,19796.0,16946.0,-174388.0,-4.03,0.0,0.0,-174388.0,-4.03,318503.0,7.36,-144114.0,-3.33,400,1.197,1.199,54969000.0,65907831,65907831,2024-11-11,2024-11-11 16:11:51+08:00
87,517850,张江ETF,0.933,0.9347,0.18,0.045,5.07,35506,3271737.0,0.895,0.934,0.895,0.888,4.39,4.79,1.45,1.4,14841.0,20665.0,-74418.0,-2.27,577559.0,17.65,-651977.0,-19.93,253781.0,7.76,-179362.0,-5.48,-9,0.933,0.934,74185200.0,69214792,69214792,2024-11-11,2024-11-11 16:11:54+08:00
88,159899,软件龙头ETF,0.895,0.8908,-0.47,0.043,5.05,397683,34843801.389,0.837,0.895,0.837,0.852,6.81,12.16,0.79,56.03,212622.0,185061.0,2712959.0,7.79,4287427.0,12.3,-1574468.0,-4.52,-1571403.0,-4.51,-1141557.0,-3.28,3804,0.894,0.895,326977728.0,292645067,292645067,2024-11-11,2024-11-11 15:34:48+08:00
89,512930,AI人工智能ETF,1.4,1.3992,-0.06,0.067,5.03,804130,110747458.0,1.332,1.408,1.325,1.333,6.23,11.53,1.07,-8.38,438767.0,365363.0,18043517.0,16.29,14117907.0,12.75,3925610.0,3.54,-11244351.0,-10.15,-6799166.0,-6.14,117,1.399,1.4,697130304.0,975982426,975982426,2024-11-11,2024-11-11 16:11:56+08:00
90,159775,新能源车电池ETF,0.628,0.6271,-0.14,0.03,5.02,166053,10183034.027,0.584,0.629,0.584,0.598,7.53,13.43,1.77,-27.67,85051.0,81002.0,1615515.0,15.86,607057.0,5.96,1008458.0,9.9,-917412.0,-9.01,-698103.0,-6.86,-270,0.628,0.629,123648961.0,77651548,77651548,2024-11-11,2024-11-11 15:34:54+08:00
91,560000,智慧电车ETF,0.716,0.708,-1.13,0.034,4.99,14828,1035653.0,0.68,0.727,0.676,0.682,7.48,8.71,0.98,-85.95,8430.0,6398.0,210052.0,20.28,0.0,0.0,210052.0,20.28,-152485.0,-14.72,-57568.0,-5.56,2,0.707,0.71,17022900.0,12188396,12188396,2024-11-11,2024-11-11 16:11:57+08:00
92,159725,线上消费ETF,0.843,0.8429,-0.01,0.04,4.98,82863,6830540.7,0.799,0.846,0.792,0.803,6.72,13.06,1.46,81.15,53582.0,29281.0,1091289.0,15.98,1429151.0,20.92,-337862.0,-4.95,-488760.0,-7.16,-602530.0,-8.82,124,0.842,0.843,63424924.0,53467211,53467211,2024-11-11,2024-11-11 15:34:15+08:00
93,560780,芯片设备ETF,1.362,1.3586,-0.25,0.064,4.93,1146486,154395617.0,1.426,1.426,1.294,1.298,10.17,,12.13,-3.4,576569.0,569917.0,-67530245.0,-43.74,-46452583.0,-30.09,-21077662.0,-13.65,41698816.0,27.01,25831428.0,16.73,47,1.361,1.362,83496000.0,113721552,113721552,2024-11-11,2024-11-11 16:12:01+08:00
94,562560,信息技术ETF,1.452,1.4474,-0.32,0.068,4.91,18082,2586937.0,1.384,1.452,1.384,1.384,4.91,4.79,0.76,-1.54,13439.0,4643.0,780409.0,30.17,0.0,0.0,780409.0,30.17,-785105.0,-30.35,4695.0,0.18,53,1.449,1.452,37765500.0,54835506,54835506,2024-11-11,2024-11-11 16:12:03+08:00
95,159512,汽车ETF,1.455,1.4493,-0.39,0.068,4.9,258278,36937019.1,1.387,1.455,1.376,1.387,5.7,31.78,0.93,94.39,170650.0,87628.0,-1113448.0,-3.01,3753629.0,10.16,-4867077.0,-13.18,1991256.0,5.39,-877810.0,-2.38,1841,1.454,1.455,81264855.0,118240364,118240364,2024-11-11,2024-11-11 15:34:24+08:00
96,512330,信息科技ETF,1.117,1.1137,-0.3,0.052,4.88,121072,13365311.0,1.065,1.121,1.065,1.065,5.26,2.17,1.38,27.44,65765.0,55307.0,335122.0,2.51,-1573034.0,-11.77,1908156.0,14.28,-217088.0,-1.62,-118033.0,-0.88,-100,1.116,1.118,559188000.0,624612996,624612996,2024-11-11,2024-11-11 16:11:34+08:00
97,159763,新材料ETF基金,0.561,0.5566,-0.79,0.026,4.86,32219,1776538.168,0.538,0.561,0.538,0.535,4.3,2.63,1.03,-80.23,20896.0,11323.0,436802.0,24.59,-328800.0,-18.51,765602.0,43.1,-278178.0,-15.66,-158624.0,-8.93,-441,0.561,0.562,122707747.0,68839046,68839046,2024-11-11,2024-11-11 15:34:33+08:00
98,159778,工业互联ETF,0.91,0.9117,0.19,0.042,4.84,30054,2687583.9,0.868,0.911,0.868,0.868,4.95,4.52,1.27,-34.73,14430.0,15624.0,332799.0,12.38,0.0,0.0,332799.0,12.38,-382926.0,-14.25,50126.0,1.87,30,0.909,0.91,66505382.0,60519898,60519898,2024-11-11,2024-11-11 15:34:36+08:00
99,516010,游戏ETF,1.113,1.1183,0.47,0.051,4.8,1257443,136950684.0,1.052,1.115,1.048,1.062,6.31,7.44,0.88,-61.95,824793.0,432650.0,13046074.0,9.53,4534390.0,3.31,8511684.0,6.22,-5313675.0,-3.88,-7732400.0,-5.65,22297,1.112,1.113,1690693008.0,1881741318,1881741318,2024-11-11,2024-11-11 16:11:59+08:00
100,159852,软件ETF,0.903,0.8986,-0.49,0.041,4.76,2484794,219442424.0,0.856,0.903,0.854,0.862,5.68,15.75,1.12,35.72,1259285.0,1225509.0,-1821229.0,-0.83,2426848.0,1.11,-4248077.0,-1.94,2250828.0,1.03,-429599.0,-0.2,-18044,0.903,0.904,1577623920.0,1424594400,1424594400,2024-11-11,2024-11-11 15:34:24+08:00
101,516660,新能源车ETF基金,0.84,0.8415,0.18,0.038,4.74,122628,10144520.0,0.795,0.842,0.794,0.802,5.99,2.52,1.77,-54.81,73443.0,49185.0,3365080.0,33.17,3628873.0,35.77,-263793.0,-2.6,-2076762.0,-20.47,-1288318.0,-12.7,37,0.84,0.841,486689008.0,408818767,408818767,2024-11-11,2024-11-11 16:11:47+08:00
102,588060,科创50ETF龙头,0.686,0.6847,-0.19,0.031,4.73,9937472,672605053.0,0.656,0.686,0.653,0.655,5.04,10.09,1.05,-42.81,5771176.0,4166296.0,99876537.0,14.85,158568418.0,23.58,-58691881.0,-8.73,-72925245.0,-10.84,-26951295.0,-4.01,298,0.685,0.686,9847140096.0,6755138106,6755138106,2024-11-11,2024-11-11 16:11:49+08:00
103,159530,机器人100ETF,1.24,1.2373,-0.22,0.056,4.73,147791,17982852.24,1.183,1.24,1.16,1.184,6.76,20.64,1.16,57.23,85756.0,62035.0,-194163.0,-1.08,-203662.0,-1.13,9499.0,0.05,-179080.0,-1.0,373243.0,2.08,-988,1.24,1.241,71613169.0,88800330,88800330,2024-11-11,2024-11-11 15:34:15+08:00
104,159658,数字经济ETF,1.333,1.3377,0.35,0.06,4.71,211841,27768243.458,1.273,1.333,1.26,1.273,5.73,10.49,0.93,45.3,96724.0,115117.0,2345308.0,8.45,1373621.0,4.95,971687.0,3.5,-594606.0,-2.14,-1750703.0,-6.3,354,1.331,1.333,201894877.0,269125871,269125871,2024-11-11,2024-11-11 15:35:03+08:00
105,562930,软件30ETF,0.913,0.9099,-0.34,0.041,4.7,113926,10242416.0,0.872,0.915,0.864,0.872,5.85,12.06,1.16,22.0,56445.0,57481.0,351182.0,3.43,800162.0,7.81,-448980.0,-4.38,-409316.0,-4.0,58133.0,0.57,664,0.912,0.915,94437000.0,86220981,86220981,2024-11-11,2024-11-11 16:11:56+08:00
106,159637,新能源车龙头ETF,0.669,0.6723,0.49,0.03,4.69,521228,34231466.3,0.629,0.67,0.628,0.639,6.57,3.2,1.35,-24.85,309391.0,211837.0,5363647.0,15.67,6986205.0,20.41,-1622558.0,-4.74,-3506580.0,-10.24,-1857066.0,-5.43,-1418,0.669,0.67,1628768096.0,1089645856,1089645856,2024-11-11,2024-11-11 15:34:30+08:00
107,562360,机器人ETF基金,0.894,0.8945,0.06,0.04,4.68,125288,11070441.0,0.854,0.898,0.85,0.854,5.62,12.47,1.04,-72.79,67089.0,58199.0,573247.0,5.18,-602587.0,-5.44,1175834.0,10.62,106506.0,0.96,-679754.0,-6.14,1000,0.893,0.894,100474000.0,89823756,89823756,2024-11-11,2024-11-11 16:11:44+08:00
108,159770,机器人ETF,0.85,0.847,-0.35,0.038,4.68,950643,79176478.899,0.798,0.851,0.798,0.812,6.53,13.41,0.91,63.58,493287.0,457356.0,1121879.0,1.42,6035168.0,7.62,-4913289.0,-6.21,1559600.0,1.97,-2681481.0,-3.39,-8726,0.85,0.851,709087760.0,602724596,602724596,2024-11-11,2024-11-11 15:34:30+08:00
109,560360,软件指数ETF,1.555,1.5538,-0.08,0.069,4.64,78870,12018860.0,1.48,1.558,1.48,1.486,5.25,13.75,0.87,0.49,51166.0,27704.0,-2204679.0,-18.34,-95167.0,-0.79,-2109512.0,-17.55,1070225.0,8.9,1134454.0,9.44,30,1.554,1.555,57345000.0,89171475,89171475,2024-11-11,2024-11-11 16:11:45+08:00
110,159997,电子ETF,1.224,1.227,0.24,0.054,4.62,349879,42138467.322,1.175,1.225,1.172,1.17,4.53,2.66,1.12,61.84,185391.0,164488.0,3013564.0,7.15,3736019.0,8.87,-722455.0,-1.71,-1948843.0,-4.62,-1064720.0,-2.53,1230,1.222,1.224,1316306640.0,1611159327,1611159327,2024-11-11,2024-11-11 15:34:54+08:00
111,159590,软件50ETF,1.164,1.1697,0.49,0.051,4.58,371314,42555315.281,1.114,1.164,1.108,1.113,5.03,16.62,0.35,24.34,214935.0,156379.0,4807314.0,11.3,5444018.0,12.79,-636704.0,-1.5,-3563305.0,-8.37,-1244010.0,-2.92,-15061,1.164,1.165,223361746.0,259993072,259993072,2024-11-11,2024-11-11 15:34:51+08:00
112,517390,云计算沪港深ETF,1.098,1.1023,0.39,0.048,4.57,28648,3075151.0,1.056,1.104,1.047,1.05,5.43,5.5,0.81,-15.14,14171.0,14477.0,461509.0,15.01,-390408.0,-12.7,851917.0,27.7,-396059.0,-12.88,-65450.0,-2.13,-1,1.098,1.099,52112600.0,57219635,57219635,2024-11-11,2024-11-11 16:12:01+08:00
113,515320,电子50ETF,0.915,0.9162,0.13,0.04,4.57,184280,16497225.0,0.876,0.915,0.875,0.875,4.57,7.57,1.39,-15.37,108283.0,75997.0,1239110.0,7.51,740799.0,4.49,498311.0,3.02,-762837.0,-4.62,-476274.0,-2.89,16,0.914,0.915,243309000.0,222627735,222627735,2024-11-11,2024-11-11 16:11:43+08:00
114,562500,机器人ETF,0.824,0.8201,-0.48,0.036,4.57,3364014,272908025.0,0.786,0.829,0.779,0.788,6.35,18.05,1.0,-54.72,1952025.0,1411989.0,-15154375.0,-5.55,-40434795.0,-14.82,25280420.0,9.26,14504600.0,5.31,649775.0,0.24,9283,0.823,0.825,1864187296.0,1536090332,1536090332,2024-11-11,2024-11-11 16:12:02+08:00
115,159805,传媒ETF,1.146,1.1488,0.24,0.05,4.56,453882,51206363.017,1.088,1.147,1.088,1.096,5.38,19.82,1.04,-73.0,279145.0,174737.0,4514995.0,8.82,6744710.0,13.17,-2229715.0,-4.35,-2163361.0,-4.22,-2351635.0,-4.59,1662,1.145,1.146,228952480.0,262379542,262379542,2024-11-11,2024-11-11 15:34:21+08:00
116,588050,科创ETF,1.105,1.1039,-0.1,0.048,4.54,13515802,1478505287.0,1.056,1.106,1.056,1.057,4.73,10.51,1.46,-65.65,9036251.0,4479551.0,208488621.0,14.1,360590400.0,24.39,-152101779.0,-10.29,-139034067.0,-9.4,-69454548.0,-4.7,-915,1.105,1.106,12863241216.0,14213881544,14213881544,2024-11-11,2024-11-11 16:11:55+08:00
117,588000,科创50ETF,1.13,1.1295,-0.04,0.049,4.53,104960349,11718450054.0,1.082,1.131,1.082,1.081,4.53,10.07,1.21,-34.27,56255365.0,48704984.0,2113402288.0,18.03,3500714176.0,29.87,-1387311888.0,-11.84,-1466984720.0,-12.52,-646417632.0,-5.52,73,1.129,1.13,104281169920.0,117837722010,117837722010,2024-11-11,2024-11-11 16:11:35+08:00
118,588090,科创板ETF,1.108,1.1082,0.02,0.048,4.53,3852795,421475525.0,1.058,1.109,1.058,1.06,4.81,7.1,1.16,-71.44,2271318.0,1581477.0,93687279.0,22.23,140574783.0,33.35,-46887504.0,-11.12,-63090615.0,-14.97,-30596664.0,-7.26,-555,1.108,1.109,5428072704.0,6014304556,6014304556,2024-11-11,2024-11-11 16:11:58+08:00
119,515000,科技ETF,1.433,1.4317,-0.09,0.062,4.52,1719334,242534212.0,1.369,1.434,1.364,1.371,5.11,6.18,1.25,25.53,1082150.0,637184.0,53499481.0,22.06,29213076.0,12.04,24286405.0,10.01,-28718672.0,-11.84,-24780809.0,-10.22,99,1.43,1.432,2781289696.0,3985588134,3985588134,2024-11-11,2024-11-11 16:11:44+08:00
120,159709,物联网ETF工银,0.974,0.9736,-0.04,0.042,4.51,34925,3361579.318,0.932,0.976,0.932,0.932,4.72,3.55,3.19,5.86,22624.0,12301.0,1014014.0,30.16,1218110.0,36.24,-204096.0,-6.07,-685321.0,-20.39,-328694.0,-9.78,379,0.974,0.975,98484060.0,95923474,95923474,2024-11-11,2024-11-11 15:34:09+08:00
121,515260,电子ETF,0.975,0.9786,0.37,0.042,4.5,258086,24895524.0,0.934,0.976,0.933,0.933,4.61,3.88,1.38,-27.2,143142.0,114944.0,5721053.0,22.98,5831399.0,23.42,-110346.0,-0.44,-3584181.0,-14.4,-2136871.0,-8.58,-10,0.975,0.976,665284208.0,648652103,648652103,2024-11-11,2024-11-11 16:11:41+08:00
122,588080,科创板50ETF,1.099,1.0986,-0.04,0.047,4.47,33697411,3661796970.0,1.052,1.1,1.048,1.052,4.94,5.36,1.31,-73.58,18481254.0,15216157.0,671175264.0,18.33,1079962624.0,29.49,-408787360.0,-11.16,-460793072.0,-12.58,-210382210.0,-5.75,1793,1.098,1.099,62833628160.0,69054157348,69054157348,2024-11-11,2024-11-11 16:11:51+08:00
123,560800,数字经济ETF,0.843,0.8443,0.15,0.036,4.46,674082,56081960.0,0.806,0.845,0.801,0.807,5.45,5.83,0.77,-65.04,392971.0,281111.0,9813892.0,17.5,16213032.0,28.91,-6399140.0,-11.41,-6357047.0,-11.34,-3456846.0,-6.16,360,0.843,0.844,1155951104.0,974466781,974466781,2024-11-11,2024-11-11 16:11:58+08:00
124,588150,科创50ETF南方,0.75,0.7516,0.21,0.032,4.46,783483,58240306.0,0.718,0.752,0.718,0.718,4.74,12.63,1.12,-46.18,415519.0,367964.0,15763489.0,27.07,27489891.0,47.2,-11726402.0,-20.13,-11721757.0,-20.13,-4041732.0,-6.94,20,0.749,0.75,620432608.0,465324456,465324456,2024-11-11,2024-11-11 16:11:47+08:00
125,588280,科创50ETF指数基金,0.775,0.7748,-0.03,0.033,4.45,1205296,92299096.0,0.741,0.775,0.74,0.742,4.72,12.0,1.24,-26.76,661323.0,543973.0,20454113.0,22.16,30952257.0,33.53,-10498144.0,-11.37,-13773284.0,-14.92,-6680828.0,-7.24,10,0.774,0.775,1004121008.0,778193781,778193781,2024-11-11,2024-11-11 16:11:36+08:00
126,512980,传媒ETF,0.828,0.8265,-0.18,0.035,4.41,2615552,211562980.0,0.783,0.828,0.781,0.793,5.93,6.33,0.97,-36.53,1856123.0,759429.0,5487821.0,2.59,2484564.0,1.17,3003257.0,1.42,8193518.0,3.87,-13681341.0,-6.47,5000,0.827,0.828,4130924400.0,3420405403,3420405403,2024-11-11,2024-11-11 16:11:55+08:00
127,159551,机器人产业ETF,1.068,1.0667,-0.12,0.045,4.4,98986,10385151.686,1.013,1.068,1.01,1.023,5.67,11.94,0.48,75.61,57039.0,41947.0,1131280.0,10.89,198302.0,1.91,932978.0,8.98,-532379.0,-5.13,-598901.0,-5.77,-464,1.068,1.069,82920923.0,88559546,88559546,2024-11-11,2024-11-11 15:34:21+08:00
128,516190,文娱传媒ETF,1.024,1.0263,0.22,0.043,4.38,64371,6447423.0,0.975,1.025,0.96,0.981,6.63,31.22,1.41,-6.59,30086.0,34285.0,657572.0,10.2,0.0,0.0,657572.0,10.2,-277213.0,-4.3,-380360.0,-5.9,-64,1.023,1.024,20618500.0,21113344,21113344,2024-11-11,2024-11-11 16:12:03+08:00
129,588370,科创50增强策略ETF,1.048,1.0513,0.31,0.044,4.38,412843,42800039.0,1.006,1.05,1.006,1.004,4.38,19.36,1.69,-9.32,220211.0,192632.0,5924749.0,13.84,2549997.0,5.96,3374752.0,7.88,-3697957.0,-8.64,-2226792.0,-5.2,-19,1.048,1.049,213272000.0,223509056,223509056,2024-11-11,2024-11-11 16:11:40+08:00
130,588180,科创50ETF基金,0.694,0.693,-0.14,0.029,4.36,2542384,174167197.0,0.662,0.694,0.662,0.665,4.81,4.39,1.36,-51.84,1550178.0,992206.0,37014303.0,21.25,53503603.0,30.72,-16489300.0,-9.47,-26642523.0,-15.3,-10371780.0,-5.96,6,0.693,0.694,5795853824.0,4022322554,4022322554,2024-11-11,2024-11-11 16:11:39+08:00
131,516050,科技龙头ETF,0.748,0.7496,0.21,0.031,4.32,235458,17375227.0,0.717,0.748,0.715,0.717,4.6,3.39,1.06,-18.87,148416.0,87042.0,4008748.0,23.07,632981.0,3.64,3375767.0,19.43,-2803003.0,-16.13,-1205745.0,-6.94,32,0.747,0.748,695228000.0,520030544,520030544,2024-11-11,2024-11-11 16:11:56+08:00
132,159738,云计算ETF沪港深,1.167,1.1705,0.3,0.048,4.29,46529,5343422.8,1.119,1.17,1.114,1.119,5.0,7.89,0.89,-43.17,20857.0,25672.0,105672.0,1.98,0.0,0.0,105672.0,1.98,-137164.0,-2.57,31492.0,0.59,8,1.166,1.167,58992667.0,68844442,68844442,2024-11-11,2024-11-11 15:34:09+08:00
133,588020,科创成长50ETF,1.171,1.1726,0.14,0.048,4.27,507626,58485732.0,1.125,1.172,1.123,1.123,4.36,15.68,1.23,24.88,250711.0,256915.0,5987985.0,10.24,6316271.0,10.8,-328286.0,-0.56,-4859031.0,-8.31,-1128954.0,-1.93,641,1.171,1.172,323791008.0,379159270,379159270,2024-11-11,2024-11-11 16:11:42+08:00
134,159586,计算机ETF南方,1.342,1.3387,-0.25,0.055,4.27,36292,4769078.306,1.264,1.342,1.264,1.287,6.06,6.05,0.56,-34.45,26004.0,10288.0,1082.0,0.02,-245664.0,-5.15,246746.0,5.17,281823.0,5.91,-282905.0,-5.93,150,1.341,1.342,60025923.0,80554789,80554789,2024-11-11,2024-11-11 15:34:06+08:00
135,512220,TMTETF,1.812,1.8089,-0.17,0.074,4.26,75076,13385684.0,1.733,1.812,1.733,1.738,4.55,3.07,1.12,8.86,24563.0,50513.0,1912920.0,14.29,5474260.0,40.9,-3561340.0,-26.61,-1307263.0,-9.77,-605657.0,-4.52,270,1.811,1.812,244467600.0,442975291,442975291,2024-11-11,2024-11-11 16:11:35+08:00
136,159511,通信ETF基金,1.117,1.1113,-0.51,0.045,4.2,91662,10004595.212,1.063,1.119,1.063,1.072,5.22,14.01,1.73,-48.65,49856.0,41806.0,640854.0,6.41,1574052.0,15.73,-933198.0,-9.33,-481859.0,-4.82,-158995.0,-1.59,-10,1.117,1.118,65444573.0,73101588,73101588,2024-11-11,2024-11-11 15:34:27+08:00
137,516330,物联网ETF,1.072,1.0727,0.07,0.043,4.18,8883,938455.0,1.03,1.072,1.03,1.029,4.08,1.85,1.37,0.98,5659.0,3224.0,246804.0,26.3,0.0,0.0,246804.0,26.3,-118474.0,-12.62,-128330.0,-13.67,-5,1.072,1.073,48071300.0,51532434,51532434,2024-11-11,2024-11-11 16:11:38+08:00
138,516260,物联网50ETF,0.923,0.9228,-0.02,0.037,4.18,21144,1929083.0,0.878,0.923,0.878,0.886,5.08,1.65,1.47,5.48,13703.0,7441.0,1246313.0,64.61,552508.0,28.64,693805.0,35.97,-833907.0,-43.23,-412407.0,-21.38,30,0.922,0.923,127882600.0,118035640,118035640,2024-11-11,2024-11-11 16:11:37+08:00
139,159896,物联网龙头ETF,0.864,0.8647,0.08,0.034,4.1,36767,3119955.662,0.83,0.867,0.83,0.83,4.46,5.25,1.41,33.04,26955.0,9812.0,300678.0,9.64,-14957.0,-0.48,315635.0,10.12,-256662.0,-8.23,-44017.0,-1.41,-53,0.865,0.866,70055960.0,60528349,60528349,2024-11-11,2024-11-11 15:35:03+08:00
140,159526,机器人指数ETF,1.207,1.2044,-0.22,0.047,4.05,113142,13436353.7,1.157,1.208,1.149,1.16,5.09,26.33,0.72,39.25,65292.0,47850.0,-396292.0,-2.95,718191.0,5.35,-1114483.0,-8.29,427414.0,3.18,-31122.0,-0.23,1134,1.206,1.207,42962964.0,51856298,51856298,2024-11-11,2024-11-11 15:34:42+08:00
141,561010,软件ETF基金,1.182,1.1833,0.11,0.046,4.05,62720,7290644.0,1.142,1.182,1.131,1.136,4.49,8.21,0.64,20.95,33737.0,28983.0,262473.0,3.6,-741831.0,-10.18,1004304.0,13.78,-113618.0,-1.56,-148854.0,-2.04,60,1.181,1.182,76356000.0,90252792,90252792,2024-11-11,2024-11-11 16:11:59+08:00
142,516590,智能汽车50ETF,1.012,1.0122,0.02,0.039,4.01,70830,7041628.0,0.97,1.013,0.964,0.973,5.04,6.5,0.69,-40.19,42983.0,27847.0,1779918.0,25.28,-487338.0,-6.92,2267256.0,32.2,-1126429.0,-16.0,-653489.0,-9.28,-10,1.012,1.013,109015000.0,110323180,110323180,2024-11-11,2024-11-11 16:12:02+08:00
143,588110,科创成长ETF,1.151,1.1535,0.22,0.044,3.97,362581,41104314.0,1.124,1.154,1.102,1.107,4.7,14.46,0.93,-16.45,193169.0,169412.0,2814908.0,6.85,1527587.0,3.72,1287321.0,3.13,-1817733.0,-4.42,-997176.0,-2.43,-95,1.153,1.154,250758000.0,288622458,288622458,2024-11-11,2024-11-11 16:11:39+08:00
144,159701,物联网ETF招商,0.864,0.8655,0.17,0.033,3.97,22820,1953709.64,0.836,0.868,0.836,0.831,3.85,8.24,1.26,22.41,11897.0,10923.0,217252.0,11.12,860827.0,44.06,-643575.0,-32.94,-153123.0,-7.84,-64131.0,-3.28,-11,0.864,0.866,27705601.0,23937639,23937639,2024-11-11,2024-11-11 15:34:57+08:00
145,159720,智能电车ETF泰康,0.683,0.684,0.15,0.026,3.96,58856,3950765.9,0.65,0.683,0.65,0.657,5.02,6.08,1.86,88.7,31010.0,27846.0,512280.0,12.97,0.0,0.0,512280.0,12.97,-321819.0,-8.15,-190460.0,-4.82,-8,0.665,0.684,96812357.0,66122840,66122840,2024-11-11,2024-11-11 15:34:30+08:00
146,159786,VRETF,0.925,0.9237,-0.14,0.035,3.93,123566,11295381.482,0.883,0.925,0.883,0.89,4.72,7.55,1.02,49.02,69223.0,54343.0,1108963.0,9.82,1427219.0,12.64,-318256.0,-2.82,-483686.0,-4.28,-625278.0,-5.54,820,0.924,0.925,163701174.0,151423586,151423586,2024-11-11,2024-11-11 15:34:48+08:00
147,159761,新材料50ETF,0.583,0.5831,0.02,0.022,3.92,205052,11807846.0,0.561,0.583,0.558,0.561,4.46,6.6,1.33,50.79,101088.0,103964.0,474506.0,4.02,1829316.0,15.49,-1354810.0,-11.47,-322448.0,-2.73,-152058.0,-1.29,833,0.582,0.583,310734112.0,181157987,181157987,2024-11-11,2024-11-11 15:35:00+08:00
148,159583,通信设备ETF,1.328,1.3224,-0.42,0.05,3.91,90787,11879139.389,1.279,1.33,1.263,1.278,5.24,26.47,1.76,-3.18,45255.0,45532.0,654394.0,5.51,1495964.0,12.59,-841570.0,-7.08,-494356.0,-4.16,-160038.0,-1.35,-716,1.328,1.329,34296451.0,45545687,45545687,2024-11-11,2024-11-11 15:34:45+08:00
149,515250,智能汽车ETF,1.039,1.0362,-0.27,0.039,3.9,404357,41335030.0,1.002,1.039,0.992,1.0,4.7,5.79,0.86,-29.92,261074.0,143283.0,-438302.0,-1.06,3241204.0,7.84,-3679506.0,-8.9,1757949.0,4.25,-1319647.0,-3.19,49,1.037,1.038,697944496.0,725164331,725164331,2024-11-11,2024-11-11 16:11:53+08:00
150,159575,创业板200ETF银华,1.308,1.3015,-0.5,0.049,3.89,59547,7675253.987,1.258,1.308,1.256,1.259,4.13,18.96,0.76,61.19,40407.0,19139.0,1003833.0,13.08,2124359.0,27.68,-1120526.0,-14.6,-823552.0,-10.73,-180281.0,-2.35,-10,1.308,1.315,31410425.0,41084836,41084836,2024-11-11,2024-11-11 15:34:39+08:00
151,516380,智能电动车ETF,0.807,0.8078,0.1,0.03,3.86,19824,1570723.0,0.775,0.807,0.768,0.777,5.02,1.28,0.75,-66.26,12471.0,7353.0,882629.0,56.19,0.0,0.0,882629.0,56.19,-621861.0,-39.59,-260768.0,-16.6,3,0.806,0.807,155449300.0,125447585,125447585,2024-11-11,2024-11-11 16:12:03+08:00
152,516520,智能驾驶ETF,1.132,1.1311,-0.08,0.042,3.85,242997,27031051.0,1.081,1.132,1.079,1.09,4.86,8.69,0.65,61.95,134293.0,108704.0,-551624.0,-2.04,2238025.0,8.28,-2789649.0,-10.32,1976495.0,7.31,-1424871.0,-5.27,280,1.131,1.132,279765504.0,316694551,316694551,2024-11-11,2024-11-11 16:12:03+08:00
153,159663,机床ETF,1.08,1.0788,-0.11,0.04,3.85,59757,6335912.7,1.051,1.08,1.036,1.04,4.23,9.26,0.72,-86.33,25514.0,34243.0,258156.0,4.07,1171531.0,18.49,-913375.0,-14.42,98641.0,1.56,-356798.0,-5.63,1064,1.079,1.08,64517585.0,69678992,69678992,2024-11-11,2024-11-11 15:34:48+08:00
154,515050,5G通信ETF,1.221,1.2207,-0.02,0.045,3.83,1988286,238185318.0,1.175,1.224,1.164,1.176,5.1,3.16,1.63,-82.61,1102790.0,885496.0,23042392.0,9.67,43303553.0,18.18,-20261161.0,-8.51,-5266860.0,-2.21,-17775532.0,-7.46,284,1.22,1.221,6289068544.0,7678952692,7678952692,2024-11-11,2024-11-11 16:11:57+08:00
155,588460,科创50增强ETF,1.17,1.1715,0.13,0.043,3.82,687214,79559940.0,1.127,1.171,1.126,1.127,3.99,10.34,1.11,-50.66,382736.0,304478.0,17424239.0,21.9,21030650.0,26.43,-3606411.0,-4.53,-9826712.0,-12.35,-7597527.0,-9.55,-3,1.17,1.171,664514000.0,777481380,777481380,2024-11-11,2024-11-11 16:11:55+08:00
156,159572,创业板200ETF易方达,1.31,1.3055,-0.34,0.048,3.8,308066,39766648.634,1.257,1.31,1.226,1.262,6.66,3.71,1.27,94.51,198847.0,109219.0,2993936.0,7.53,2237188.0,5.63,756748.0,1.9,-2190090.0,-5.51,-803846.0,-2.02,-1561,1.31,1.311,829749104.0,1086971326,1086971326,2024-11-11,2024-11-11 15:34:57+08:00
157,159875,新能源ETF,0.547,0.5465,-0.09,0.02,3.8,1746319,94022380.5,0.522,0.547,0.521,0.527,4.93,8.35,1.21,-50.37,1041438.0,704881.0,15941648.0,16.96,27061066.0,28.78,-11119418.0,-11.83,-11459583.0,-12.19,-4482064.0,-4.77,23529,0.546,0.547,2091162896.0,1143866104,1143866104,2024-11-11,2024-11-11 15:34:33+08:00
158,562950,消费电子50ETF,0.884,0.8859,0.21,0.032,3.76,111788,9748373.0,0.852,0.885,0.85,0.852,4.11,5.94,0.91,-13.51,52291.0,59497.0,666187.0,6.83,-24723.0,-0.25,690910.0,7.09,-409748.0,-4.2,-256440.0,-2.63,-40,0.885,0.886,188258300.0,166420337,166420337,2024-11-11,2024-11-11 16:11:45+08:00
159,561100,消费电子ETF富国,0.944,0.9429,-0.12,0.034,3.74,143686,13352006.0,0.917,0.945,0.905,0.91,4.4,3.88,0.79,-7.04,89762.0,53924.0,1532028.0,11.47,2092912.0,15.67,-560884.0,-4.2,-1039563.0,-7.79,-492465.0,-3.69,106,0.942,0.943,370746896.0,349985070,349985070,2024-11-11,2024-11-11 16:11:34+08:00
160,159703,新材料ETF,0.696,0.6969,0.13,0.025,3.73,112702,7750101.7,0.671,0.696,0.669,0.671,4.02,9.77,1.49,19.75,78770.0,33932.0,756550.0,9.76,672731.0,8.68,83819.0,1.08,-529980.0,-6.84,-226571.0,-2.92,-496,0.696,0.697,115381591.0,80305587,80305587,2024-11-11,2024-11-11 15:34:18+08:00
161,159781,科创创业ETF,0.616,0.6157,-0.05,0.022,3.7,6070312,368354789.968,0.59,0.616,0.587,0.594,4.88,3.6,0.95,-72.97,4105901.0,1964410.0,50343911.0,13.67,100518519.0,27.29,-50174608.0,-13.62,-43990236.0,-11.94,-6353674.0,-1.72,63426,0.615,0.616,16879860480.0,10397994056,10397994056,2024-11-11,2024-11-11 15:34:45+08:00
162,159603,双创龙头ETF,0.955,0.9563,0.14,0.034,3.69,327407,30811752.9,0.915,0.955,0.912,0.921,4.67,0.99,1.04,-3.56,182300.0,145107.0,6987294.0,22.68,9757122.0,31.67,-2769828.0,-8.99,-5541711.0,-17.99,-1445583.0,-4.69,1670,0.954,0.955,3303071920.0,3154433684,3154433684,2024-11-11,2024-11-11 15:35:03+08:00
163,588860,科创医药ETF,1.237,1.2337,-0.27,0.044,3.69,860638,104577300.0,1.181,1.242,1.179,1.193,5.28,16.54,1.24,-10.51,443013.0,417625.0,4505808.0,4.31,-4143323.0,-3.96,8649131.0,8.27,-1793962.0,-1.72,-2711847.0,-2.59,9988,1.234,1.236,520444704.0,643790099,643790099,2024-11-11,2024-11-11 16:11:58+08:00
164,516270,新能源50ETF,0.536,0.5363,0.06,0.019,3.68,979471,51669442.0,0.518,0.536,0.513,0.517,4.45,15.77,3.24,-45.2,197363.0,782108.0,2940317.0,5.69,11510882.0,22.28,-8570565.0,-16.59,-2104109.0,-4.07,-836208.0,-1.62,489,0.535,0.536,620909008.0,332807228,332807228,2024-11-11,2024-11-11 16:12:01+08:00
165,516890,新材料ETF平安,0.594,0.5922,-0.3,0.021,3.66,14107,827240.0,0.576,0.594,0.576,0.573,3.14,2.75,0.44,-0.1,10019.0,4088.0,-2812.0,-0.34,182559.0,22.07,-185371.0,-22.41,80868.0,9.78,-78057.0,-9.44,101,0.594,0.595,51311400.0,30478972,30478972,2024-11-11,2024-11-11 16:11:34+08:00
166,560170,央企科技ETF,0.995,0.9948,-0.02,0.035,3.65,925567,90689418.0,0.969,0.995,0.958,0.96,3.85,5.29,0.62,-67.31,569944.0,355623.0,-1629321.0,-1.8,1230686.0,1.36,-2860007.0,-3.15,3560863.0,3.93,-1931542.0,-2.13,400,0.993,0.994,1750495504.0,1741743026,1741743026,2024-11-11,2024-11-11 16:11:36+08:00
167,588700,科创生物医药ETF,0.94,0.9317,-0.89,0.033,3.64,788107,72354097.0,0.904,0.941,0.896,0.907,4.96,21.14,1.46,-84.58,427917.0,360190.0,-4857212.0,-6.71,-15707772.0,-21.71,10850560.0,15.0,3913648.0,5.41,943564.0,1.3,150,0.939,0.94,372836208.0,350466036,350466036,2024-11-11,2024-11-11 16:11:38+08:00
168,588310,双创ETF基金,0.684,0.6794,-0.68,0.024,3.64,165925,11207749.0,0.659,0.684,0.64,0.66,6.67,9.44,1.45,-0.86,91505.0,74420.0,2616203.0,23.34,5493594.0,49.02,-2877391.0,-25.67,-1687473.0,-15.06,-928729.0,-8.29,90,0.683,0.684,175837500.0,120272850,120272850,2024-11-11,2024-11-11 16:11:48+08:00
169,516710,新材料50ETF,0.57,0.57,0.0,0.02,3.64,64620,3627499.0,0.543,0.571,0.542,0.55,5.27,4.03,1.03,24.82,40975.0,23645.0,401005.0,11.05,-140682.0,-3.88,541687.0,14.93,-301013.0,-8.3,-99992.0,-2.76,50,0.568,0.57,160272000.0,91355040,91355040,2024-11-11,2024-11-11 16:11:46+08:00
170,159565,汽车零部件ETF,1.256,1.2499,-0.49,0.044,3.63,54632,6767960.1,1.212,1.26,1.201,1.212,4.87,10.58,2.23,6.53,27732.0,26900.0,-273106.0,-4.04,859027.0,12.69,-1132133.0,-16.73,194205.0,2.87,78900.0,1.17,1469,1.252,1.256,51627231.0,64843802,64843802,2024-11-11,2024-11-11 15:34:33+08:00
171,159732,消费电子ETF,0.859,0.8571,-0.22,0.03,3.62,2809071,236938866.064,0.826,0.86,0.819,0.829,4.95,17.35,1.47,11.38,1371597.0,1437474.0,19811250.0,8.36,36457474.0,15.39,-16646224.0,-7.03,-10984764.0,-4.64,-8826487.0,-3.73,-5268,0.859,0.86,1619447904.0,1391105750,1391105750,2024-11-11,2024-11-11 15:34:18+08:00
172,159994,5GETF,1.003,1.0011,-0.19,0.035,3.62,1246883,123483840.283,0.955,1.008,0.954,0.968,5.58,6.67,2.66,-53.25,657937.0,588946.0,20716300.0,16.78,26522586.0,21.48,-5806286.0,-4.7,-15835359.0,-12.82,-4880941.0,-3.95,3353,1.002,1.003,1870001680.0,1875611685,1875611685,2024-11-11,2024-11-11 15:34:51+08:00
173,516580,新能源主题ETF,0.545,0.5446,-0.07,0.019,3.61,128374,6914341.0,0.525,0.547,0.521,0.526,4.94,6.0,0.99,-6.63,83759.0,44615.0,1179814.0,17.06,2206640.0,31.91,-1026826.0,-14.85,-868525.0,-12.56,-311288.0,-4.5,-10,0.545,0.546,214124100.0,116697635,116697635,2024-11-11,2024-11-11 16:11:54+08:00
174,588300,双创ETF,0.636,0.6374,0.22,0.022,3.58,1525754,95743064.0,0.61,0.637,0.608,0.614,4.72,4.33,1.05,-29.96,935883.0,589871.0,22727692.0,23.74,22319826.0,23.31,407866.0,0.43,-17450124.0,-18.23,-5277567.0,-5.51,-508,0.636,0.637,3523210496.0,2240761875,2240761875,2024-11-11,2024-11-11 16:11:56+08:00
175,588320,双创50ETF增强,0.985,0.9861,0.11,0.034,3.58,47966,4681087.0,0.945,0.985,0.942,0.951,4.52,6.68,1.04,17.05,21155.0,26811.0,1221489.0,26.09,0.0,0.0,1221489.0,26.09,-746012.0,-15.94,-475476.0,-10.16,50,0.984,0.985,71824600.0,70747231,70747231,2024-11-11,2024-11-11 16:11:49+08:00
176,159895,物联网50ETF,0.928,0.9279,-0.01,0.032,3.57,2435,220503.6,0.898,0.93,0.893,0.896,4.13,0.31,0.99,1.3,1046.0,1389.0,62138.0,28.18,0.0,0.0,62138.0,28.18,-35803.0,-16.24,-26334.0,-11.94,10,0.9,0.93,79241864.0,73536450,73536450,2024-11-11,2024-11-11 15:34:51+08:00
177,159667,工业母机ETF,1.075,1.0754,0.04,0.037,3.56,965102,102838692.482,1.039,1.077,1.025,1.038,5.01,21.74,1.77,-44.66,618609.0,346494.0,2816132.0,2.74,523289.0,0.51,2292843.0,2.23,-671185.0,-0.65,-2144948.0,-2.09,3844,1.074,1.075,444016912.0,477318180,477318180,2024-11-11,2024-11-11 15:34:36+08:00
178,159795,智能车ETF基金,0.989,0.9882,-0.08,0.034,3.56,32342,3161764.84,0.981,0.989,0.951,0.955,3.98,5.38,0.53,2.39,15334.0,17008.0,485285.0,15.35,0.0,0.0,485285.0,15.35,-342992.0,-10.85,-142293.0,-4.5,-301,0.989,0.99,60169473.0,59507609,59507609,2024-11-11,2024-11-11 15:35:00+08:00
179,516110,汽车ETF,1.313,1.3108,-0.17,0.045,3.55,670111,86656875.0,1.255,1.315,1.25,1.268,5.13,11.66,0.84,11.07,434861.0,235250.0,2023539.0,2.34,13453836.0,15.53,-11430297.0,-13.19,-1093167.0,-1.26,-930371.0,-1.07,-3,1.313,1.314,574623104.0,754480136,754480136,2024-11-11,2024-11-11 16:11:39+08:00
180,159811,5G50ETF,1.289,1.29,0.08,0.044,3.53,130565,16702881.557,1.245,1.292,1.22,1.245,5.78,11.96,2.97,25.09,70622.0,59943.0,1718410.0,10.29,8866795.0,53.09,-7148385.0,-42.8,-1027621.0,-6.15,-690789.0,-4.14,-2,1.289,1.29,109143393.0,140685834,140685834,2024-11-11,2024-11-11 15:35:03+08:00
181,515750,科技50ETF,1.436,1.4372,0.08,0.049,3.53,221216,31267539.0,1.384,1.438,1.379,1.387,4.25,3.83,1.18,10.57,128065.0,93151.0,6312002.0,20.19,9252609.0,29.59,-2940607.0,-9.4,-4025502.0,-12.87,-2286501.0,-7.31,-16,1.436,1.437,577140496.0,828773752,828773752,2024-11-11,2024-11-11 16:11:43+08:00
182,588390,科创创业50ETF,0.675,0.677,0.3,0.023,3.53,364228,24334906.0,0.652,0.676,0.648,0.652,4.29,6.26,1.14,-38.09,144052.0,220176.0,3187081.0,13.1,1378894.0,5.67,1808187.0,7.43,-2247242.0,-9.23,-939838.0,-3.86,-32,0.675,0.676,581935904.0,392806735,392806735,2024-11-11,2024-11-11 16:11:50+08:00
183,562260,汽车配件ETF,1.148,1.1443,-0.32,0.039,3.52,40023,4511040.0,1.125,1.148,1.1,1.109,4.33,17.92,1.08,-23.46,12034.0,27989.0,-89022.0,-1.97,-19757.0,-0.44,-69265.0,-1.54,134624.0,2.98,-45604.0,-1.01,18,1.144,1.148,22331500.0,25636562,25636562,2024-11-11,2024-11-11 16:11:52+08:00
184,159807,科技ETF,0.561,0.5589,-0.38,0.019,3.51,2200636,121484953.028,0.542,0.561,0.538,0.542,4.24,9.1,1.2,-13.75,1297440.0,903197.0,16553954.0,13.63,29121509.0,23.97,-12567555.0,-10.34,-13324317.0,-10.97,-3229637.0,-2.66,-22196,0.561,0.562,2418051424.0,1356526849,1356526849,2024-11-11,2024-11-11 15:34:24+08:00
185,159909,TMT50ETF,0.739,0.737,-0.27,0.025,3.5,63173,4597731.946,0.713,0.739,0.706,0.714,4.62,1.01,0.88,-23.66,38998.0,24175.0,65628.0,1.43,-438000.0,-9.53,503628.0,10.95,33257.0,0.72,-98886.0,-2.15,676,0.738,0.739,624062000.0,461181818,461181818,2024-11-11,2024-11-11 15:34:57+08:00
186,159780,双创ETF,0.622,0.6205,-0.24,0.021,3.49,4130612,252799751.714,0.594,0.622,0.592,0.601,4.99,4.92,1.21,-22.76,2484998.0,1645614.0,28474667.0,11.26,54570113.0,21.59,-26095446.0,-10.32,-17633927.0,-6.98,-10840740.0,-4.29,23257,0.621,0.622,8390048512.0,5218610174,5218610174,2024-11-11,2024-11-11 15:34:42+08:00
187,159855,影视ETF,0.893,0.8906,-0.27,0.03,3.48,82195,7213372.4,0.863,0.893,0.856,0.863,4.29,10.55,0.92,-22.64,53153.0,29042.0,1020892.0,14.15,1726846.0,23.94,-705954.0,-9.79,-599821.0,-8.32,-421071.0,-5.84,701,0.891,0.893,77925236.0,69587236,69587236,2024-11-11,2024-11-11 15:34:27+08:00
188,515200,创新100ETF,1.638,1.6435,0.33,0.055,3.47,60435,9738361.0,1.579,1.638,1.57,1.583,4.3,5.17,1.37,-23.7,36620.0,23815.0,272548.0,2.8,953563.0,9.79,-681015.0,-6.99,-110571.0,-1.14,-161978.0,-1.66,9,1.636,1.638,116943200.0,191552962,191552962,2024-11-11,2024-11-11 16:11:36+08:00
189,159779,消费电子50ETF,0.835,0.8346,-0.05,0.028,3.47,81442,6689028.884,0.803,0.835,0.728,0.807,13.26,6.57,0.67,-80.68,46618.0,34824.0,1062053.0,15.88,0.0,0.0,1062053.0,15.88,-652272.0,-9.75,-409780.0,-6.13,776,0.833,0.835,123869337.0,103430896,103430896,2024-11-11,2024-11-11 15:34:39+08:00
190,588330,双创龙头ETF,0.627,0.6272,0.03,0.021,3.47,2376153,147136930.0,0.603,0.628,0.6,0.606,4.62,8.46,1.18,-46.61,1431866.0,944287.0,28069081.0,19.08,48403908.0,32.9,-20334827.0,-13.82,-22319160.0,-15.17,-5749921.0,-3.91,-85,0.627,0.628,2809737808.0,1761705606,1761705606,2024-11-11,2024-11-11 16:11:55+08:00
191,563050,央企科技50ETF,1.016,1.0181,0.21,0.034,3.46,364905,36756879.0,0.985,1.018,0.984,0.982,3.46,10.57,1.63,-58.22,229005.0,135900.0,7299068.0,19.86,16497553.0,44.88,-9198485.0,-25.03,-5740180.0,-15.62,-1558888.0,-4.24,50,1.015,1.016,345208400.0,350731734,350731734,2024-11-11,2024-11-11 16:11:34+08:00
192,516850,新能源ETF基金,0.838,0.8396,0.19,0.028,3.46,99183,8215707.0,0.811,0.84,0.81,0.81,3.7,7.07,0.98,-15.52,49864.0,49319.0,1456298.0,17.73,837843.0,10.2,618455.0,7.53,-850256.0,-10.35,-606043.0,-7.38,-300,0.838,0.839,140237000.0,117518606,117518606,2024-11-11,2024-11-11 16:11:55+08:00
193,159773,创业板科技ETF,0.812,0.8124,0.05,0.027,3.44,603885,48360577.9,0.777,0.812,0.765,0.785,5.99,10.54,1.04,-47.08,364216.0,239669.0,14913168.0,30.84,18327503.0,37.9,-3414335.0,-7.06,-10899857.0,-22.54,-4013311.0,-8.3,-8584,0.812,0.813,573103120.0,465359733,465359733,2024-11-11,2024-11-11 15:34:09+08:00
194,588380,双创50ETF,0.633,0.6353,0.36,0.021,3.43,2166991,135405907.0,0.608,0.634,0.607,0.612,4.41,5.23,0.87,-69.69,1199776.0,967215.0,17956838.0,13.26,31541420.0,23.29,-13584582.0,-10.03,-13037711.0,-9.63,-4919128.0,-3.63,50,0.632,0.633,4139770000.0,2620474410,2620474410,2024-11-11,2024-11-11 16:11:45+08:00
195,159573,创业板200ETF华夏,1.301,1.2997,-0.1,0.043,3.42,354505,45507166.949,1.241,1.303,1.24,1.258,5.01,13.99,0.88,-30.53,206496.0,148009.0,-994222.0,-2.18,-1182906.0,-2.6,188684.0,0.41,1450515.0,3.19,-456294.0,-1.0,-2454,1.301,1.302,253456297.0,329746642,329746642,2024-11-11,2024-11-11 15:34:12+08:00
196,515880,通信ETF,1.513,1.5095,-0.23,0.05,3.42,2360563,351820218.0,1.452,1.526,1.443,1.463,5.67,13.9,1.52,-7.57,1152429.0,1208134.0,-44562952.0,-12.67,-53697069.0,-15.26,9134117.0,2.6,38220023.0,10.86,6342929.0,1.8,224,1.51,1.512,1698462304.0,2569773466,2569773466,2024-11-11,2024-11-11 16:11:48+08:00
197,159541,创业板综ETF万家,1.241,1.2382,-0.23,0.041,3.42,236848,28912762.4,1.179,1.241,1.179,1.2,5.17,9.02,1.22,90.6,133952.0,102896.0,3990781.0,13.8,8316617.0,28.76,-4325836.0,-14.96,-2022536.0,-7.0,-1968245.0,-6.81,-1321,1.241,1.242,262593326.0,325878318,325878318,2024-11-11,2024-11-11 15:34:36+08:00
198,159889,智能汽车ETF,1.0,1.0011,0.11,0.033,3.41,56473,5567536.875,0.973,1.0,0.96,0.967,4.14,8.38,0.72,-86.92,34795.0,21678.0,762005.0,13.69,490730.0,8.81,271275.0,4.87,-669173.0,-12.02,-92833.0,-1.67,93,0.999,1.0,67400796.0,67400796,67400796,2024-11-11,2024-11-11 15:34:45+08:00
199,516160,新能源ETF,2.306,2.3058,-0.01,0.076,3.41,1182130,268695243.0,2.21,2.308,2.185,2.23,5.52,4.97,1.01,-30.97,734664.0,447466.0,63431865.0,23.61,45250156.0,16.84,18181709.0,6.77,-28464146.0,-10.59,-34967719.0,-13.01,-7,2.306,2.307,2377142000.0,5481689452,5481689452,2024-11-11,2024-11-11 16:11:36+08:00
200,516360,新材料ETF,0.792,0.7938,0.23,0.026,3.39,65486,5108555.0,0.766,0.792,0.754,0.766,4.96,6.51,1.07,20.66,44403.0,21083.0,685253.0,13.41,-162790.0,-3.19,848043.0,16.6,-547297.0,-10.71,-137956.0,-2.7,54,0.791,0.792,100551800.0,79637026,79637026,2024-11-11,2024-11-11 16:11:55+08:00
201,516620,影视ETF,0.985,0.9855,0.05,0.032,3.36,184952,17930076.0,0.954,0.986,0.949,0.953,3.88,38.32,1.26,64.33,98488.0,86464.0,-606357.0,-3.38,-1383476.0,-7.72,777119.0,4.33,843316.0,4.7,-236960.0,-1.32,-5,0.985,0.986,48267500.0,47543488,47543488,2024-11-11,2024-11-11 16:12:03+08:00
202,588350,双创50ETF基金,0.956,0.9603,0.45,0.031,3.35,152711,14372704.0,0.922,0.962,0.916,0.925,4.97,0.82,1.17,75.97,74823.0,77888.0,1760855.0,12.25,4003194.0,27.85,-2242339.0,-15.6,-1406090.0,-9.78,-354765.0,-2.47,-1,0.956,0.957,1854546000.0,1772945976,1772945976,2024-11-11,2024-11-11 16:11:47+08:00
203,159782,双创50ETF,0.618,0.6195,0.24,0.02,3.34,2652772,162409525.654,0.593,0.619,0.591,0.598,4.68,11.15,1.94,-79.78,2106748.0,546024.0,20709469.0,12.75,37597572.0,23.15,-16888103.0,-10.4,-16089830.0,-9.91,-4619640.0,-2.84,15023,0.617,0.618,2379190272.0,1470339588,1470339588,2024-11-11,2024-11-11 15:34:39+08:00
204,561280,中证1000ETF增强,1.114,1.1134,-0.05,0.036,3.34,18106,1990886.0,1.07,1.115,1.07,1.078,4.17,3.95,0.37,-7.49,9477.0,8629.0,-145636.0,-7.32,0.0,0.0,-145636.0,-7.32,55325.0,2.78,90310.0,4.54,-20,1.113,1.116,45847700.0,51074338,51074338,2024-11-11,2024-11-11 16:11:57+08:00
205,159783,科创创业50ETF,0.621,0.6216,0.1,0.02,3.33,2617812,160589932.152,0.598,0.622,0.595,0.601,4.49,2.69,0.85,-68.73,1590237.0,1027575.0,35107363.0,21.86,62023434.0,38.62,-26916071.0,-16.76,-27054153.0,-16.85,-8053210.0,-5.01,14240,0.62,0.621,9721059328.0,6036777843,6036777843,2024-11-11,2024-11-11 15:34:42+08:00
206,159958,创业板ETF工银,1.429,1.4227,-0.44,0.046,3.33,113928,15935415.8,1.355,1.429,1.355,1.383,5.35,3.76,1.06,25.69,67172.0,46756.0,2512012.0,15.76,3685517.0,23.13,-1173505.0,-7.36,-1631853.0,-10.24,-880160.0,-5.52,-620,1.429,1.43,302911456.0,432860471,432860471,2024-11-11,2024-11-11 15:34:27+08:00
207,515860,科技ETF基金,1.213,1.2149,0.16,0.039,3.32,58843,7002276.0,1.172,1.213,1.163,1.174,4.26,3.42,1.31,6.67,24680.0,34163.0,409029.0,5.84,490705.0,7.01,-81676.0,-1.17,58751.0,0.84,-467779.0,-6.68,307,1.212,1.213,171878900.0,208489106,208489106,2024-11-11,2024-11-11 16:11:53+08:00
208,159716,深创100ETF,0.841,0.8417,0.08,0.027,3.32,65663,5465488.419,0.813,0.842,0.808,0.814,4.18,4.7,1.86,17.73,44270.0,21393.0,484818.0,8.87,917607.0,16.79,-432789.0,-7.92,-249997.0,-4.57,-234821.0,-4.3,71,0.84,0.841,139666732.0,117459722,117459722,2024-11-11,2024-11-11 15:34:27+08:00
209,588400,科创创业指数ETF,0.625,0.6276,0.41,0.02,3.31,1172620,72425133.0,0.602,0.626,0.6,0.605,4.3,3.32,1.17,-51.64,746647.0,425973.0,15606602.0,21.55,24875358.0,34.35,-9268756.0,-12.8,-11385796.0,-15.72,-4220806.0,-5.83,-5,0.625,0.626,3531600608.0,2207250380,2207250380,2024-11-11,2024-11-11 16:11:50+08:00
210,159571,创业板200ETF富国,1.322,1.3234,0.11,0.042,3.28,87523,11477495.802,1.277,1.331,1.276,1.28,4.3,13.68,0.93,-63.17,60543.0,26980.0,2161343.0,18.83,778707.0,6.78,1382636.0,12.05,-1661298.0,-14.47,-500046.0,-4.36,1008,1.321,1.322,63981814.0,84583958,84583958,2024-11-11,2024-11-11 15:34:09+08:00
211,515580,科技100ETF,0.89,0.8902,0.02,0.028,3.25,117803,10284175.0,0.862,0.89,0.858,0.862,3.71,2.21,0.56,-41.03,64842.0,52961.0,737627.0,7.17,-1308288.0,-12.72,2045915.0,19.89,-708194.0,-6.89,-29433.0,-0.29,6,0.889,0.89,534031408.0,475287953,475287953,2024-11-11,2024-11-11 16:11:35+08:00
212,562520,中证1000成长ETF,1.052,1.0512,-0.08,0.033,3.24,33600,3482460.0,1.01,1.053,0.938,1.019,11.29,6.64,1.09,-0.4,22747.0,10853.0,175852.0,5.05,0.0,0.0,175852.0,5.05,-426556.0,-12.25,250705.0,7.2,-178,1.05,1.053,50568000.0,53197536,53197536,2024-11-11,2024-11-11 16:12:01+08:00
213,562700,汽车零部件ETF,1.157,1.157,0.0,0.036,3.21,12114,1385732.0,1.115,1.157,1.115,1.121,3.75,6.82,0.56,-8.79,6740.0,5374.0,482186.0,34.8,0.0,0.0,482186.0,34.8,-144352.0,-10.42,-337835.0,-24.38,12,1.156,1.157,17750000.0,20536750,20536750,2024-11-11,2024-11-11 16:11:56+08:00
214,159752,新能源龙头ETF,0.55,0.5504,0.07,0.017,3.19,449889,24390303.6,0.531,0.551,0.524,0.533,5.07,5.45,0.8,-2.27,269385.0,180504.0,4134354.0,16.95,6504962.0,26.67,-2370608.0,-9.72,-3074646.0,-12.61,-1059708.0,-4.34,-6654,0.55,0.551,824958912.0,453727402,453727402,2024-11-11,2024-11-11 15:34:24+08:00
215,159675,创业板增强ETF,0.972,0.9727,0.07,0.03,3.18,255207,24513127.12,0.924,0.972,0.924,0.942,5.1,10.53,0.98,1.42,149373.0,105834.0,4652774.0,18.98,5653170.0,23.06,-1000396.0,-4.08,-2840715.0,-11.59,-1812058.0,-7.39,2210,0.971,0.972,242346691.0,235560984,235560984,2024-11-11,2024-11-11 15:34:48+08:00
216,159306,汽车零件ETF,1.136,1.1341,-0.17,0.035,3.18,26729,3016251.993,1.104,1.137,1.094,1.101,3.91,12.02,0.59,31.71,15673.0,11056.0,335195.0,11.11,-348936.0,-11.57,684131.0,22.68,-226896.0,-7.52,-108299.0,-3.59,-232,1.136,1.137,22244616.0,25269884,25269884,2024-11-11,2024-11-11 15:34:54+08:00
217,561310,消电ETF,0.85,0.856,0.7,0.026,3.16,165567,14010093.0,0.831,0.854,0.821,0.824,4.0,10.76,1.03,73.21,88125.0,77442.0,1155272.0,8.25,2309299.0,16.48,-1154027.0,-8.24,-769712.0,-5.49,-385560.0,-2.75,-50,0.85,0.854,153916600.0,130829110,130829110,2024-11-11,2024-11-11 16:11:36+08:00
218,159836,创300ETF,0.921,0.9237,0.29,0.028,3.14,101579,9261858.9,0.893,0.923,0.886,0.893,4.14,3.85,1.08,-39.83,57468.0,44111.0,2141401.0,23.12,3508759.0,37.88,-1367358.0,-14.76,-1329218.0,-14.35,-812184.0,-8.77,-2409,0.921,0.923,263747113.0,242911091,242911091,2024-11-11,2024-11-11 15:34:18+08:00
219,159743,湖北ETF,0.954,0.9545,0.05,0.029,3.14,3251,305803.2,0.925,0.955,0.92,0.925,3.78,0.19,0.38,-31.85,2340.0,911.0,-12960.0,-4.24,0.0,0.0,-12960.0,-4.24,18452.0,6.03,-5491.0,-1.8,-52,0.955,0.969,167941100.0,160215809,160215809,2024-11-11,2024-11-11 15:34:21+08:00
220,561600,消费电子ETF,0.889,0.8917,0.3,0.027,3.13,224596,19687172.0,0.862,0.89,0.856,0.862,3.94,13.35,0.89,-35.94,116680.0,107916.0,-1280756.0,-6.51,-1069861.0,-5.43,-210895.0,-1.07,1951809.0,9.91,-671053.0,-3.41,1,0.888,0.889,168274000.0,149595586,149595586,2024-11-11,2024-11-11 16:11:48+08:00
221,512870,杭州湾区ETF,1.287,1.2861,-0.07,0.039,3.13,3387,421457.0,1.255,1.287,1.206,1.248,6.49,1.08,0.54,-3.3,1297.0,2090.0,2394.0,0.57,0.0,0.0,2394.0,0.57,15082.0,3.58,-17477.0,-4.15,10,1.282,1.287,31410600.0,40425442,40425442,2024-11-11,2024-11-11 16:11:47+08:00
222,588360,科创创业ETF,0.663,0.6657,0.41,0.02,3.11,552722,36179954.0,0.634,0.664,0.634,0.643,4.67,6.11,0.78,-63.05,278154.0,274568.0,6481481.0,17.91,-648417.0,-1.79,7129898.0,19.71,-4767270.0,-13.18,-1714210.0,-4.74,-589,0.663,0.664,905081808.0,600069239,600069239,2024-11-11,2024-11-11 16:11:42+08:00
223,159529,标普消费ETF,1.228,1.2244,-0.29,0.037,3.11,313498,38313280.422,1.214,1.229,1.214,1.191,1.26,15.4,1.02,-0.54,190038.0,123460.0,1450843.0,3.79,988930.0,2.58,461913.0,1.21,-1001624.0,-2.61,-449218.0,-1.17,1378,1.227,1.228,203536791.0,249943179,249943179,2024-11-11,2024-11-11 15:34:30+08:00
224,159628,国证2000ETF,1.099,1.0965,-0.23,0.033,3.1,933463,101128839.3,1.055,1.1,1.055,1.066,4.22,8.37,0.79,48.32,575296.0,358167.0,-7815602.0,-7.73,-12783837.0,-12.64,4968235.0,4.91,7715466.0,7.63,100136.0,0.1,5016,1.098,1.099,1115283248.0,1225696290,1225696290,2024-11-11,2024-11-11 15:34:45+08:00
225,159952,创业板ETF广发,1.436,1.4331,-0.2,0.043,3.09,2334602,328994410.812,1.375,1.436,1.372,1.393,4.59,3.18,0.87,39.35,1274329.0,1060273.0,51265789.0,15.58,47157981.0,14.33,4107808.0,1.25,-28807801.0,-8.76,-22457988.0,-6.83,33420,1.435,1.436,7351984896.0,10557450311,10557450311,2024-11-11,2024-11-11 15:34:27+08:00
226,159566,储能电池ETF,1.453,1.4566,0.25,0.043,3.05,76591,10990743.1,1.41,1.453,1.395,1.41,4.11,10.25,1.01,7.92,36358.0,40233.0,2672166.0,24.31,0.0,0.0,2672166.0,24.31,-919154.0,-8.36,-1753011.0,-15.95,-509,1.453,1.454,74739776.0,108596895,108596895,2024-11-11,2024-11-11 15:34:36+08:00
227,159721,深创龙头ETF,0.811,0.8133,0.28,0.024,3.05,8971,722465.4,0.78,0.812,0.78,0.787,4.07,1.03,0.45,66.66,5980.0,2991.0,166569.0,23.06,0.0,0.0,166569.0,23.06,-117167.0,-16.22,-49402.0,-6.84,-8,0.804,0.811,87431696.0,70907105,70907105,2024-11-11,2024-11-11 15:34:42+08:00
228,159695,通信ETF,1.287,1.2803,-0.52,0.038,3.04,143254,18222268.9,1.249,1.287,1.239,1.249,3.84,20.23,1.45,83.21,81162.0,62092.0,-977335.0,-5.36,1928983.0,10.59,-2906318.0,-15.95,910318.0,5.0,67018.0,0.37,-1165,1.287,1.288,70812086.0,91135155,91135155,2024-11-11,2024-11-11 15:34:51+08:00
229,159888,智能车ETF,1.158,1.1591,0.09,0.034,3.02,119730,13721114.738,1.124,1.161,1.113,1.124,4.27,14.01,0.93,-13.04,56437.0,63293.0,-1910357.0,-13.92,0.0,0.0,-1910357.0,-13.92,1801760.0,13.13,108597.0,0.79,70,1.157,1.159,85446068.0,98946547,98946547,2024-11-11,2024-11-11 15:35:00+08:00
230,516090,新能源ETF易方达,0.443,0.4427,-0.07,0.013,3.02,1208898,52898607.0,0.424,0.444,0.422,0.43,5.12,6.29,1.13,-60.79,741365.0,467533.0,7392578.0,13.97,16949091.0,32.04,-9556513.0,-18.07,-5638661.0,-10.66,-1753917.0,-3.32,7,0.442,0.443,1922844800.0,851820246,851820246,2024-11-11,2024-11-11 16:11:35+08:00
231,510770,G60创新ETF,0.648,0.6433,-0.73,0.019,3.02,168706,10718016.0,0.615,0.658,0.61,0.629,7.63,42.59,1.97,-91.61,90368.0,78338.0,-2040138.0,-19.03,-2249662.0,-20.99,209524.0,1.95,1330483.0,12.41,709655.0,6.62,3,0.647,0.648,39610700.0,25667734,25667734,2024-11-11,2024-11-11 16:11:56+08:00
232,159305,储能电池50ETF,1.316,1.3166,0.05,0.038,2.97,110994,14400720.9,1.28,1.316,1.26,1.278,4.38,32.82,1.04,43.58,51958.0,59036.0,164871.0,1.14,-837216.0,-5.81,1002087.0,6.96,442438.0,3.07,-607308.0,-4.22,-351,1.316,1.317,33820151.0,44507319,44507319,2024-11-11,2024-11-11 15:34:48+08:00
233,159956,创业板ETF建信,1.495,1.4983,0.22,0.043,2.96,26510,3916244.4,1.441,1.496,1.43,1.452,4.55,2.65,0.98,-12.84,14654.0,11856.0,1842623.0,47.05,0.0,0.0,1842623.0,47.05,-1087175.0,-27.76,-755448.0,-19.29,-8,1.495,1.496,99978674.0,149468118,149468118,2024-11-11,2024-11-11 15:34:33+08:00
234,562380,央企科技引领ETF,1.013,1.0105,-0.25,0.029,2.95,357347,35824160.0,1.0,1.018,0.981,0.984,3.76,12.47,1.83,-36.57,168695.0,188652.0,7889477.0,22.02,9530264.0,26.6,-1640787.0,-4.58,-8297878.0,-23.16,408401.0,1.14,-119,1.012,1.014,286628896.0,290355072,290355072,2024-11-11,2024-11-11 16:11:36+08:00
235,159915,创业板ETF,2.349,2.347,-0.09,0.067,2.94,31861165,7362300483.6,2.25,2.35,2.249,2.282,4.43,6.99,0.84,-62.68,16185167.0,15675998.0,1399451376.0,19.01,1952510672.0,26.52,-553059296.0,-7.51,-834254864.0,-11.33,-565196496.0,-7.68,411564,2.348,2.349,45573454848.0,107052045438,107052045438,2024-11-11,2024-11-11 15:34:09+08:00
236,159977,创业板ETF天弘,2.462,2.4621,0.0,0.07,2.93,540008,130984825.2,2.367,2.463,2.361,2.392,4.26,1.16,0.87,-59.31,281279.0,258729.0,30693168.0,23.43,30399604.0,23.21,293564.0,0.22,-11702435.0,-8.93,-18990733.0,-14.5,5414,2.461,2.462,4670936320.0,11499845220,11499845220,2024-11-11,2024-11-11 15:34:42+08:00
237,159948,创业板ETF南方,2.608,2.6075,-0.02,0.074,2.92,378802,96661308.9,2.482,2.619,2.482,2.534,5.41,1.91,1.17,-43.0,233983.0,144819.0,14722478.0,15.23,29355171.0,30.37,-14632693.0,-15.14,-8408777.0,-8.7,-6313701.0,-6.53,1506,2.607,2.608,1981697728.0,5168267675,5168267675,2024-11-11,2024-11-11 15:34:24+08:00
238,159814,创业大盘ETF,0.462,0.4621,0.02,0.013,2.9,1315299,59837463.29,0.443,0.462,0.442,0.449,4.45,7.1,0.78,-1.04,862909.0,452390.0,8342561.0,13.94,19642073.0,32.83,-11299512.0,-18.88,-6527186.0,-10.91,-1815375.0,-3.03,11782,0.461,0.462,1852246528.0,855737896,855737896,2024-11-11,2024-11-11 15:34:06+08:00
239,159505,国证2000指数ETF,1.073,1.0752,0.2,0.03,2.88,55900,5945573.589,1.042,1.08,1.025,1.043,5.27,22.27,1.32,-93.47,41252.0,14647.0,516586.0,8.69,1641845.0,27.61,-1125259.0,-18.93,-282379.0,-4.75,-234206.0,-3.94,1000,1.065,1.072,25104786.0,26937435,26937435,2024-11-11,2024-11-11 15:34:15+08:00
240,159971,创业板ETF富国,1.646,1.6476,0.1,0.046,2.88,599511,97206252.4,1.575,1.647,1.575,1.6,4.5,3.5,1.22,-15.73,409265.0,190246.0,16873995.0,17.36,22236001.0,22.88,-5362006.0,-5.52,-8592230.0,-8.84,-8281764.0,-8.52,-4611,1.646,1.647,1712010144.0,2817968697,2817968697,2024-11-11,2024-11-11 15:34:36+08:00
241,159851,金融科技ETF,1.646,1.6406,-0.33,0.046,2.88,4137498,671251922.2,1.563,1.648,1.562,1.6,5.38,23.55,0.82,-46.35,2336265.0,1801233.0,-41864451.0,-6.24,-126777420.0,-18.89,84912969.0,12.65,40558538.0,6.04,1305910.0,0.19,-47905,1.646,1.647,1756952080.0,2891943124,2891943124,2024-11-11,2024-11-11 15:34:33+08:00
242,159808,创100ETF融通,0.898,0.9005,0.28,0.025,2.86,109718,9716730.974,0.861,0.899,0.861,0.873,4.35,11.03,1.1,-60.92,64545.0,45173.0,-180018.0,-1.85,-145160.0,-1.49,-34858.0,-0.36,438800.0,4.52,-258782.0,-2.66,110,0.897,0.898,99484790.0,89337341,89337341,2024-11-11,2024-11-11 15:35:00+08:00
243,159908,创业板ETF博时,2.197,2.1983,0.06,0.061,2.86,159324,34528020.2,2.106,2.198,2.103,2.136,4.45,1.57,0.71,-75.34,103103.0,56221.0,7391505.0,21.41,8549369.0,24.76,-1157864.0,-3.35,-3716146.0,-10.76,-3675359.0,-10.64,-213,2.197,2.198,1013229024.0,2226064166,2226064166,2024-11-11,2024-11-11 15:34:09+08:00
244,159608,稀有金属ETF,0.652,0.6506,-0.22,0.018,2.84,308415,19817025.1,0.63,0.652,0.628,0.634,3.79,7.79,0.58,30.41,164757.0,143658.0,2591677.0,13.08,3377597.0,17.04,-785920.0,-3.97,-1870780.0,-9.44,-720896.0,-3.64,1286,0.651,0.652,396010064.0,258198562,258198562,2024-11-11,2024-11-11 15:34:09+08:00
245,561800,稀有金属ETF基金,0.621,0.6158,-0.84,0.017,2.81,133132,8122115.0,0.598,0.621,0.593,0.604,4.64,8.09,0.69,17.72,84653.0,48479.0,1138288.0,14.01,1623234.0,19.99,-484946.0,-5.97,-824678.0,-10.15,-313611.0,-3.86,30,0.62,0.621,164577200.0,102202441,102202441,2024-11-11,2024-11-11 16:11:39+08:00
246,562010,绿色能源ETF,0.805,0.8065,0.19,0.022,2.81,12731,1015711.0,0.784,0.806,0.78,0.783,3.32,5.24,1.61,-9.68,8289.0,4442.0,417138.0,41.07,48300.0,4.76,368838.0,36.31,-357492.0,-35.2,-59647.0,-5.87,-819,0.805,0.806,24298700.0,19560454,19560454,2024-11-11,2024-11-11 16:11:37+08:00
247,159949,创业板50ETF,1.066,1.0673,0.12,0.029,2.8,25489155,2675797610.813,1.022,1.067,1.02,1.037,4.53,8.93,0.76,-74.91,14106382.0,11382773.0,331308928.0,12.38,579525120.0,21.66,-248216192.0,-9.28,-230570592.0,-8.62,-100738340.0,-3.76,324062,1.065,1.066,28544785152.0,30428740972,30428740972,2024-11-11,2024-11-11 15:34:24+08:00
248,512580,环保ETF,1.109,1.1053,-0.33,0.03,2.78,287885,31431733.0,1.079,1.11,1.076,1.079,3.15,2.21,2.09,4.45,102721.0,185164.0,11803920.0,37.55,7382278.0,23.49,4421642.0,14.07,-11175701.0,-35.56,-628220.0,-2.0,90,1.107,1.108,1302271696.0,1444219311,1444219311,2024-11-11,2024-11-11 16:11:57+08:00
249,159991,创大盘ETF,0.519,0.5191,0.02,0.014,2.77,557513,28536861.562,0.498,0.519,0.498,0.505,4.16,10.84,1.04,-96.19,312054.0,245459.0,5257503.0,18.42,11400714.0,39.95,-6143211.0,-21.53,-4450334.0,-15.6,-807170.0,-2.83,3196,0.518,0.519,514263168.0,266902584,266902584,2024-11-11,2024-11-11 15:34:45+08:00
250,516860,金融科技ETF,1.409,1.4043,-0.33,0.038,2.77,1255985,173684613.0,1.343,1.41,1.335,1.371,5.47,22.49,0.74,16.71,657535.0,598450.0,-66698.0,-0.04,16903135.0,9.73,-16969833.0,-9.77,-390160.0,-0.22,456858.0,0.26,511,1.407,1.409,558522000.0,786957498,786957498,2024-11-11,2024-11-11 16:11:47+08:00
251,159861,碳中和50ETF,0.967,0.969,0.21,0.026,2.76,40630,3891283.7,0.941,0.968,0.937,0.941,3.29,1.77,0.48,-94.95,22139.0,18491.0,1240872.0,31.89,0.0,0.0,1240872.0,31.89,-929567.0,-23.89,-311306.0,-8.0,350,0.966,0.967,229117535.0,221556656,221556656,2024-11-11,2024-11-11 15:34:30+08:00
252,159964,创业板ETF平安,1.529,1.5327,0.24,0.041,2.76,105136,15823779.5,1.479,1.532,1.47,1.488,4.17,2.54,0.79,-28.24,57988.0,47148.0,1815019.0,11.47,2864167.0,18.1,-1049148.0,-6.63,-435657.0,-2.75,-1379363.0,-8.72,-38,1.529,1.53,413481888.0,632213807,632213807,2024-11-11,2024-11-11 15:34:33+08:00
253,159556,中证2000ETF增强,0.972,0.9743,0.24,0.026,2.75,78046,7511176.205,0.946,0.972,0.938,0.946,3.59,7.0,1.12,-25.9,46760.0,31286.0,271671.0,3.62,-1346998.0,-17.93,1618669.0,21.55,-275863.0,-3.67,4192.0,0.06,1203,0.97,0.972,111556089.0,108432519,108432519,2024-11-11,2024-11-11 15:34:48+08:00
254,159966,创业板价值ETF,0.524,0.5235,-0.1,0.014,2.75,642781,33225885.324,0.508,0.527,0.503,0.51,4.71,5.33,1.33,-81.26,383584.0,259197.0,3488071.0,10.5,4057163.0,12.21,-569092.0,-1.71,-2732533.0,-8.22,-755537.0,-2.27,4431,0.523,0.524,1206299520.0,632100948,632100948,2024-11-11,2024-11-11 15:34:33+08:00
255,159957,创业板100ETF华夏,1.545,1.5491,0.26,0.041,2.73,705663,107373045.1,1.48,1.549,1.48,1.504,4.59,3.75,0.85,-36.96,367392.0,338271.0,12052166.0,11.22,8328571.0,7.76,3723595.0,3.47,-6458756.0,-6.02,-5593409.0,-5.21,-1649,1.545,1.547,1883784560.0,2910447145,2910447145,2024-11-11,2024-11-11 15:34:27+08:00
256,562970,光伏ETF易方达,1.018,1.019,0.1,0.027,2.72,518741,52486871.0,0.992,1.024,0.983,0.991,4.14,30.08,0.89,-63.54,332589.0,186152.0,10729307.0,20.44,25394557.0,48.38,-14665250.0,-27.94,-8511695.0,-16.22,-2217613.0,-4.23,5,1.017,1.018,172448000.0,175552064,175552064,2024-11-11,2024-11-11 16:11:57+08:00
257,512660,军工ETF,1.217,1.2132,-0.31,0.032,2.7,7804843,938624295.0,1.201,1.219,1.181,1.185,3.21,8.02,0.73,-35.55,4443762.0,3361081.0,61166684.0,6.52,150759472.0,16.06,-89592788.0,-9.55,-20573457.0,-2.19,-40593234.0,-4.32,35,1.215,1.216,9737080064.0,11850026438,11850026438,2024-11-11,2024-11-11 16:11:56+08:00
258,159676,创业板增强ETF富国,0.992,0.9945,0.25,0.026,2.69,296025,29013009.172,0.962,0.994,0.955,0.966,4.04,7.74,1.52,-91.21,191245.0,104780.0,3969165.0,13.68,3095039.0,10.67,874126.0,3.01,-2790321.0,-9.62,-1178843.0,-4.06,-61,0.992,0.993,382564176.0,379503663,379503663,2024-11-11,2024-11-11 15:34:51+08:00
259,159918,中创400ETF,2.024,2.0291,0.25,0.053,2.69,4533,909107.3,1.971,2.026,1.971,1.971,2.79,1.15,0.61,-55.47,2373.0,2160.0,-150463.0,-16.55,0.0,0.0,-150463.0,-16.55,145594.0,16.02,4870.0,0.54,3,2.017,2.045,39561264.0,80071998,80071998,2024-11-11,2024-11-11 15:35:03+08:00
260,562800,稀有金属ETF,0.578,0.5759,-0.36,0.015,2.66,1191479,67894873.0,0.557,0.579,0.555,0.563,4.26,7.22,0.79,-39.67,666357.0,525121.0,6853175.0,10.09,7828812.0,11.53,-975637.0,-1.44,-5314521.0,-7.83,-1538655.0,-2.27,-173,0.578,0.579,1650145008.0,953783815,953783815,2024-11-11,2024-11-11 16:11:46+08:00
261,159681,创50ETF,1.045,1.0465,0.14,0.027,2.65,840108,86632554.04,1.002,1.047,0.995,1.018,5.11,5.22,0.95,-41.87,506622.0,333486.0,14136947.0,16.32,28146753.0,32.49,-14009806.0,-16.17,-10486941.0,-12.11,-3650007.0,-4.21,1983,1.044,1.045,1609772336.0,1682212091,1682212091,2024-11-11,2024-11-11 15:35:03+08:00
262,159821,BOCI创业板ETF,0.893,0.893,0.0,0.023,2.64,90259,7938782.0,0.87,0.896,0.85,0.87,5.29,13.69,0.83,-14.27,56394.0,33865.0,1879185.0,23.67,778267.0,9.8,1100918.0,13.87,-1041269.0,-13.12,-837917.0,-10.55,481,0.89,0.893,65920000.0,58866560,58866560,2024-11-11,2024-11-11 15:34:09+08:00
263,159777,创科技ETF,0.779,0.7811,0.27,0.02,2.64,289763,22330122.8,0.755,0.781,0.747,0.759,4.48,10.45,0.85,-82.67,175391.0,114372.0,5747960.0,25.74,8636635.0,38.68,-2888675.0,-12.94,-4203645.0,-18.82,-1544316.0,-6.92,4903,0.778,0.779,277280560.0,216001556,216001556,2024-11-11,2024-11-11 15:34:36+08:00
264,515920,智能消费ETF,0.909,0.9105,0.16,0.023,2.6,52514,4733671.0,0.883,0.91,0.883,0.886,3.05,2.22,0.95,-30.06,29229.0,23285.0,1613458.0,34.08,504256.0,10.65,1109202.0,23.43,-1188964.0,-25.12,-424495.0,-8.97,600,0.907,0.91,236905700.0,215347281,215347281,2024-11-11,2024-11-11 16:11:59+08:00
265,561780,1000增强ETF,1.108,1.1069,-0.1,0.028,2.59,30803,3378577.0,1.044,1.15,1.044,1.08,9.81,18.17,1.2,-23.5,23668.0,7135.0,89039.0,2.64,0.0,0.0,89039.0,2.64,-136173.0,-4.03,47134.0,1.4,4,1.105,1.108,16955800.0,18787026,18787026,2024-11-11,2024-11-11 16:11:40+08:00
266,159682,创业50ETF,1.03,1.0341,0.4,0.026,2.59,5664450,575646369.546,0.99,1.031,0.987,1.004,4.38,8.88,0.81,-46.18,2992117.0,2672333.0,104922248.0,18.23,108000310.0,18.76,-3078062.0,-0.53,-76530802.0,-13.29,-28391437.0,-4.93,-63068,1.03,1.031,6375307776.0,6566567009,6566567009,2024-11-11,2024-11-11 15:34:15+08:00
267,159671,稀有金属ETF基金,0.796,0.7963,0.04,0.02,2.58,311751,24593235.27,0.768,0.797,0.765,0.776,4.12,4.03,0.72,-67.56,180820.0,130932.0,274486.0,1.12,4108111.0,16.7,-3833625.0,-15.59,-197338.0,-0.8,-77150.0,-0.31,-2957,0.796,0.797,773551744.0,615747188,615747188,2024-11-11,2024-11-11 15:34:51+08:00
268,159533,中证2000ETF基金,1.237,1.2415,0.36,0.031,2.57,7281,885238.729,1.182,1.238,1.182,1.206,4.64,6.96,0.27,2.02,2366.0,4915.0,-10648.0,-1.2,244938.0,27.67,-255586.0,-28.87,-68283.0,-7.71,78930.0,8.92,-48,1.238,1.24,10458785.0,12937517,12937517,2024-11-11,2024-11-11 15:34:51+08:00
269,513310,中韩半导体ETF,1.557,1.5636,0.42,0.039,2.57,24341257,3765536941.0,1.522,1.566,1.511,1.518,3.62,,1.69,-49.22,12960709.0,11380548.0,31277056.0,0.83,59799184.0,1.59,-28522128.0,-0.76,-32081872.0,-0.85,804800.0,0.02,-3131,1.557,1.558,556427008.0,866356851,866356851,2024-11-11,2024-11-11 16:12:02+08:00
270,516880,光伏50ETF,0.763,0.7632,0.03,0.019,2.55,628151,47466173.0,0.744,0.766,0.737,0.744,3.9,5.46,1.02,-81.22,388503.0,239648.0,6986802.0,14.72,10767321.0,22.68,-3780519.0,-7.96,-3910222.0,-8.24,-3076581.0,-6.48,-27,0.763,0.764,1149944096.0,877407345,877407345,2024-11-11,2024-11-11 16:11:57+08:00
271,159618,光伏ETF指数基金,0.724,0.7264,0.33,0.018,2.55,77171,5555389.5,0.707,0.728,0.703,0.706,3.54,7.78,0.64,-60.89,41677.0,35494.0,1674768.0,30.15,1707244.0,30.73,-32476.0,-0.58,-1098990.0,-19.78,-575776.0,-10.36,369,0.723,0.724,99131407.0,71771139,71771139,2024-11-11,2024-11-11 15:34:30+08:00
272,516320,高端装备ETF,0.846,0.8435,-0.3,0.021,2.55,168208,14026231.0,0.832,0.847,0.82,0.825,3.27,13.95,1.39,42.51,99882.0,68326.0,785258.0,5.6,2610967.0,18.61,-1825709.0,-13.02,-685471.0,-4.89,-99788.0,-0.71,-18,0.844,0.847,120589300.0,102018548,102018548,2024-11-11,2024-11-11 16:11:39+08:00
273,159907,2000ETF,0.806,0.8057,-0.04,0.02,2.54,168509,13431869.2,0.784,0.806,0.778,0.786,3.56,7.83,0.7,23.82,75559.0,92950.0,875732.0,6.52,-1363336.0,-10.15,2239068.0,16.67,-239241.0,-1.78,-636490.0,-4.74,303,0.805,0.806,215197694.0,173449341,173449341,2024-11-11,2024-11-11 15:34:06+08:00
274,159507,电信ETF,1.169,1.1672,-0.15,0.029,2.54,32169,3698411.7,1.139,1.17,1.135,1.14,3.07,8.26,0.93,30.85,19562.0,12607.0,-57437.0,-1.55,2433.0,0.07,-59870.0,-1.62,216782.0,5.86,-159347.0,-4.31,-8,1.169,1.17,38943634.0,45525108,45525108,2024-11-11,2024-11-11 15:34:18+08:00
275,159863,光伏ETF基金,0.607,0.6082,0.2,0.015,2.53,431268,25954657.206,0.591,0.61,0.586,0.592,4.05,9.85,1.4,-83.65,288955.0,142313.0,2669762.0,10.29,3216992.0,12.39,-547230.0,-2.11,-1312592.0,-5.06,-1357171.0,-5.23,1097,0.606,0.607,437729360.0,265701722,265701722,2024-11-11,2024-11-11 15:34:39+08:00
276,159609,光伏龙头ETF,0.53,0.5302,0.04,0.013,2.51,573807,30150440.658,0.516,0.532,0.512,0.517,3.87,10.27,0.84,-43.15,330349.0,243458.0,3475437.0,11.53,1988685.0,6.6,1486752.0,4.93,-2661841.0,-8.83,-813595.0,-2.7,8323,0.529,0.53,558903408.0,296218806,296218806,2024-11-11,2024-11-11 15:34:21+08:00
277,512560,军工ETF易方达,0.736,0.7339,-0.29,0.018,2.51,937006,68211190.0,0.725,0.737,0.716,0.718,2.92,7.7,0.89,-3.29,564486.0,372520.0,2297902.0,3.37,13612366.0,19.96,-11314464.0,-16.59,-1217353.0,-1.78,-1080549.0,-1.58,497,0.735,0.736,1216127008.0,895069478,895069478,2024-11-11,2024-11-11 16:11:50+08:00
278,563200,中证2000ETF富国,1.113,1.1141,0.1,0.027,2.49,44877,4914321.0,1.064,1.113,1.064,1.086,4.51,12.66,1.6,-6.84,27300.0,17577.0,-147602.0,-3.0,464569.0,9.45,-612171.0,-12.46,147429.0,3.0,172.0,0.0,1,1.111,1.113,35458800.0,39465644,39465644,2024-11-11,2024-11-11 16:11:48+08:00
279,159679,中证1000增强ETF,1.035,1.0404,0.52,0.025,2.48,220879,22712440.338,1.008,1.039,1.0,1.01,3.86,8.79,1.4,-47.42,162125.0,58753.0,2847130.0,12.54,-2107642.0,-9.28,4954772.0,21.82,-2159440.0,-9.51,-687690.0,-3.03,519,1.034,1.035,251289156.0,260084276,260084276,2024-11-11,2024-11-11 15:34:57+08:00
280,560980,光伏30ETF,0.58,0.5812,0.21,0.014,2.47,374634,21591229.0,0.567,0.583,0.562,0.566,3.71,12.61,1.1,17.69,221869.0,152765.0,2826452.0,13.09,2884904.0,13.36,-58452.0,-0.27,-2050533.0,-9.5,-775919.0,-3.59,60,0.579,0.58,297022000.0,172272760,172272760,2024-11-11,2024-11-11 16:11:42+08:00
281,512680,军工ETF龙头,1.245,1.2421,-0.23,0.03,2.47,1488305,183316731.0,1.235,1.246,1.212,1.215,2.8,4.38,0.88,27.62,751385.0,736920.0,473533.0,0.26,49065114.0,26.77,-48591581.0,-26.51,-232647.0,-0.13,-240886.0,-0.13,10,1.244,1.245,3396930096.0,4229177970,4229177970,2024-11-11,2024-11-11 16:11:45+08:00
282,159864,光伏50ETF,0.582,0.5828,0.14,0.014,2.46,454806,26218664.6,0.566,0.584,0.56,0.568,4.23,5.64,0.92,-77.18,267376.0,187430.0,3079791.0,11.75,4229148.0,16.13,-1149357.0,-4.38,-2042212.0,-7.79,-1037579.0,-3.96,1951,0.581,0.582,806526832.0,469398616,469398616,2024-11-11,2024-11-11 15:34:30+08:00
283,515790,光伏ETF,0.916,0.9151,-0.1,0.022,2.46,8769516,795946268.0,0.887,0.92,0.882,0.894,4.25,7.44,0.85,-59.73,5360434.0,3409082.0,50653445.0,6.36,56201264.0,7.06,-5547819.0,-0.7,-25936599.0,-3.26,-24716849.0,-3.11,-574,0.916,0.917,11791493888.0,10801008401,10801008401,2024-11-11,2024-11-11 16:11:57+08:00
284,516180,光伏ETF平安,0.753,0.7538,0.11,0.018,2.45,73237,5487893.0,0.732,0.755,0.728,0.735,3.67,7.04,0.86,-11.83,33600.0,39637.0,1085577.0,19.78,1576978.0,28.74,-491401.0,-8.95,-650074.0,-11.85,-435503.0,-7.94,-241,0.752,0.753,103987000.0,78302211,78302211,2024-11-11,2024-11-11 16:11:46+08:00
285,517800,人工智能50ETF,0.758,0.7612,0.42,0.018,2.43,193875,14529182.0,0.741,0.76,0.732,0.74,3.78,8.79,1.0,-69.62,97430.0,96445.0,494562.0,3.4,1040544.0,7.16,-545982.0,-3.76,-88096.0,-0.61,-406467.0,-2.8,-11,0.758,0.759,220539700.0,167169093,167169093,2024-11-11,2024-11-11 16:11:38+08:00
286,159638,高端装备ETF,0.93,0.9278,-0.24,0.022,2.42,1357702,124509719.983,0.918,0.93,0.9,0.908,3.3,9.81,1.04,17.99,696750.0,660952.0,-5747186.0,-4.62,-4407587.0,-3.54,-1339599.0,-1.08,2178077.0,1.75,3569109.0,2.87,-4972,0.93,0.931,1383341936.0,1286508000,1286508000,2024-11-11,2024-11-11 15:34:21+08:00
287,159521,2000指数ETF,1.016,1.0201,0.4,0.024,2.42,148295,14945021.637,0.996,1.016,0.994,0.992,2.22,27.32,1.46,-72.92,86756.0,61539.0,924464.0,6.19,1624487.0,10.87,-700023.0,-4.68,-520672.0,-3.48,-403793.0,-2.7,207,1.015,1.016,54274435.0,55142826,55142826,2024-11-11,2024-11-11 15:34:27+08:00
288,563300,中证2000ETF,1.103,1.0986,-0.4,0.026,2.41,3363140,365623411.0,1.066,1.107,1.066,1.077,3.81,10.04,0.83,4.57,1891502.0,1471638.0,-40344754.0,-11.03,-75686742.0,-20.7,35341988.0,9.67,32741911.0,8.96,7602843.0,2.08,214,1.102,1.103,3348674000.0,3693587422,3693587422,2024-11-11,2024-11-11 16:12:04+08:00
289,517660,物联网沪港深ETF,0.942,0.9431,0.12,0.022,2.39,53777,5011902.0,0.919,0.944,0.919,0.92,2.72,11.14,2.47,-0.56,24571.0,29206.0,232836.0,4.65,0.0,0.0,232836.0,4.65,-158512.0,-3.16,-74324.0,-1.48,2000,0.941,0.944,48280700.0,45480419,45480419,2024-11-11,2024-11-11 16:12:00+08:00
290,159552,中证2000增强ETF,1.331,1.333,0.15,0.031,2.38,23771,3126709.0,1.3,1.332,1.287,1.3,3.46,30.51,1.58,-64.39,15148.0,8623.0,864982.0,27.66,1750947.0,56.0,-885965.0,-28.34,-811676.0,-25.96,-53306.0,-1.7,102,1.317,1.331,7790319.0,10368915,10368915,2024-11-11,2024-11-11 15:34:24+08:00
291,560590,1000ETF增强,1.161,1.1553,-0.49,0.027,2.38,15697,1795315.0,1.129,1.216,1.129,1.134,7.67,6.91,1.08,-1.9,8093.0,7604.0,-288798.0,-16.09,-180204.0,-10.04,-108594.0,-6.05,184231.0,10.26,104568.0,5.82,50,1.15,1.161,22710000.0,26366310,26366310,2024-11-11,2024-11-11 16:11:59+08:00
292,159906,深成长龙头ETF,0.991,0.998,0.7,0.023,2.38,37793,3718614.3,0.969,0.995,0.96,0.968,3.62,2.35,0.62,22.89,26993.0,10800.0,407947.0,10.97,-485162.0,-13.05,893109.0,24.02,-495022.0,-13.31,87075.0,2.34,-1258,0.991,0.995,160639725.0,159193967,159193967,2024-11-11,2024-11-11 15:34:06+08:00
293,562860,生物疫苗ETF,0.69,0.6914,0.2,0.016,2.37,251724,17137809.0,0.674,0.691,0.669,0.674,3.26,5.21,1.63,2.87,113849.0,137875.0,115880.0,0.68,1527278.0,8.91,-1411398.0,-8.24,9948.0,0.06,-125829.0,-0.73,-66,0.69,0.691,482895008.0,333197556,333197556,2024-11-11,2024-11-11 16:11:53+08:00
294,159563,创业板综ETF华夏,1.383,1.386,0.22,0.032,2.37,132864,18152061.8,1.328,1.383,1.325,1.351,4.29,20.33,0.73,-66.21,65583.0,67281.0,1630016.0,8.98,0.0,0.0,1630016.0,8.98,-1050336.0,-5.79,-579679.0,-3.19,-1784,1.383,1.384,65360773.0,90393949,90393949,2024-11-11,2024-11-11 15:35:03+08:00
295,560220,中证2000ETF基金,1.125,1.129,0.35,0.026,2.37,23056,2562549.0,1.077,1.125,1.049,1.099,6.92,5.4,0.74,0.57,13008.0,10048.0,258915.0,10.1,-140580.0,-5.49,399495.0,15.59,-183108.0,-7.15,-75808.0,-2.96,5,1.123,1.125,42717000.0,48056625,48056625,2024-11-11,2024-11-11 16:11:53+08:00
296,561590,中证1000增强ETF,1.04,1.0427,0.26,0.024,2.36,124128,12723644.0,1.006,1.04,1.006,1.016,3.35,17.36,1.25,0.43,58087.0,66041.0,405041.0,3.18,0.0,0.0,405041.0,3.18,-375904.0,-2.95,-29136.0,-0.23,-1,1.041,1.043,71499600.0,74359584,74359584,2024-11-11,2024-11-11 16:11:37+08:00
297,159633,中证1000指数ETF,2.689,2.6844,-0.17,0.062,2.36,854897,227206225.416,2.611,2.69,2.606,2.627,3.2,7.3,0.85,27.21,450947.0,403950.0,-12267244.0,-5.4,4661647.0,2.05,-16928891.0,-7.45,16387386.0,7.21,-4120143.0,-1.81,2543,2.688,2.689,1171162656.0,3149256382,3149256382,2024-11-11,2024-11-11 15:34:24+08:00
298,159553,2000ETF增强,1.219,1.2279,0.72,0.028,2.35,4736,571292.6,1.191,1.219,1.191,1.191,2.35,7.49,0.29,2.59,1667.0,3069.0,-6986.0,-1.22,0.0,0.0,-6986.0,-1.22,-10681.0,-1.87,17666.0,3.09,-33,1.182,1.256,6326751.0,7712309,7712309,2024-11-11,2024-11-11 15:34:42+08:00
299,159543,国证2000ETF基金,1.046,1.0485,0.24,0.024,2.35,19760,2046843.1,1.022,1.047,1.022,1.022,2.45,3.4,1.11,-42.33,13279.0,6481.0,-391948.0,-19.15,-444804.0,-21.73,52856.0,2.58,403227.0,19.7,-11278.0,-0.55,561,1.041,1.046,58196551.0,60873592,60873592,2024-11-11,2024-11-11 15:34:12+08:00
300,159886,机械ETF,0.874,0.876,0.23,0.02,2.34,132446,11409431.3,0.854,0.874,0.849,0.854,2.93,20.24,1.41,17.57,58913.0,73533.0,-317824.0,-2.79,-125004.0,-1.1,-192820.0,-1.69,350030.0,3.07,-32207.0,-0.28,-25,0.874,0.875,65442555.0,57196793,57196793,2024-11-11,2024-11-11 15:34:54+08:00
301,512100,中证1000ETF,2.668,2.6702,0.08,0.061,2.34,17378845,4593534021.0,2.595,2.671,2.595,2.607,2.92,7.19,1.49,-62.03,5173730.0,12205115.0,165375824.0,3.6,394927040.0,8.6,-229551216.0,-5.0,-179993713.0,-3.92,14617898.0,0.32,15988,2.666,2.667,24167217664.0,64478136728,64478136728,2024-11-11,2024-11-11 16:11:46+08:00
302,517770,游戏传媒ETF,0.963,0.9691,0.63,0.022,2.34,72367,6929812.0,0.934,0.977,0.93,0.941,4.99,21.32,1.92,61.04,32246.0,40121.0,603046.0,8.7,1341941.0,19.36,-738895.0,-10.66,-325354.0,-4.69,-277692.0,-4.01,300,0.962,0.964,33947800.0,32691731,32691731,2024-11-11,2024-11-11 16:11:49+08:00
303,159597,创业板成长ETF易方达,1.325,1.3242,-0.06,0.03,2.32,119551,15647647.078,1.291,1.325,1.28,1.295,3.47,10.56,0.66,38.78,63640.0,55911.0,3412818.0,21.81,4749930.0,30.36,-1337112.0,-8.55,-2495111.0,-15.95,-917707.0,-5.86,1675,1.324,1.325,113252379.0,150059402,150059402,2024-11-11,2024-11-11 15:34:51+08:00
304,516960,机械ETF,0.845,0.8446,-0.05,0.019,2.3,13750,1147592.0,0.824,0.845,0.824,0.826,2.54,5.72,0.82,-6.88,7280.0,6470.0,84591.0,7.37,0.0,0.0,84591.0,7.37,7589.0,0.66,-92181.0,-8.03,2,0.843,0.845,24051100.0,20323180,20323180,2024-11-11,2024-11-11 16:11:41+08:00
305,159502,标普生物科技ETF,1.122,1.1117,-0.93,0.025,2.28,261879,29314726.9,1.12,1.122,1.114,1.097,0.73,3.23,0.43,24.68,174538.0,87341.0,3196311.0,10.9,6881054.0,23.47,-3684743.0,-12.57,-1436611.0,-4.9,-1759700.0,-6.0,5763,1.121,1.122,810323024.0,909182433,909182433,2024-11-11,2024-11-11 15:34:15+08:00
306,561920,疫苗龙头ETF,0.724,0.7247,0.1,0.016,2.26,12413,892344.0,0.708,0.724,0.703,0.708,2.97,4.04,0.77,45.46,2276.0,10137.0,-13222.0,-1.48,0.0,0.0,-13222.0,-1.48,15989.0,1.79,-2767.0,-0.31,-3450,0.724,0.726,30692000.0,22221008,22221008,2024-11-11,2024-11-11 16:11:35+08:00
307,159845,中证1000ETF,2.676,2.6781,0.08,0.059,2.25,5267015,1394582452.904,2.602,2.679,2.597,2.617,3.13,4.07,0.82,-60.3,1772063.0,3494952.0,-17140144.0,-1.23,2466832.0,0.18,-19606976.0,-1.41,19682846.0,1.41,-2542688.0,-0.18,-8297,2.676,2.677,12948425728.0,34649987248,34649987248,2024-11-11,2024-11-11 15:34:39+08:00
308,512670,国防ETF,0.817,0.8153,-0.21,0.018,2.25,4206780,338164760.0,0.803,0.817,0.789,0.799,3.5,10.9,0.79,-24.98,2466199.0,1740581.0,30736855.0,9.09,52414017.0,15.5,-21677162.0,-6.41,-24357504.0,-7.2,-6379350.0,-1.89,171,0.816,0.817,3858652608.0,3152519181,3152519181,2024-11-11,2024-11-11 16:11:39+08:00
309,159857,光伏ETF,0.772,0.7716,-0.05,0.017,2.25,4225096,322859521.105,0.747,0.775,0.742,0.755,4.37,13.79,1.25,-40.81,2528095.0,1697001.0,29587421.0,9.16,47358342.0,14.67,-17770921.0,-5.5,-19152263.0,-5.93,-10435158.0,-3.23,35967,0.771,0.772,3064515728.0,2365806142,2365806142,2024-11-11,2024-11-11 15:34:36+08:00
310,560990,中金科技先锋ETF,0.911,0.9134,0.26,0.02,2.24,4867,437967.0,0.891,0.913,0.883,0.891,3.37,1.15,0.54,83.81,2197.0,2670.0,193343.0,44.15,0.0,0.0,193343.0,44.15,-174026.0,-39.73,-19317.0,-4.41,-100,0.888,0.913,42187100.0,38432448,38432448,2024-11-11,2024-11-11 16:11:58+08:00
311,516070,碳中和50ETF,0.502,0.5033,0.26,0.011,2.24,369563,18445234.0,0.489,0.504,0.486,0.491,3.67,5.67,1.33,-30.44,199659.0,169904.0,1630391.0,8.84,4043075.0,21.92,-2412684.0,-13.08,-1036299.0,-5.62,-594092.0,-3.22,-15,0.502,0.503,651646000.0,327126292,327126292,2024-11-11,2024-11-11 16:11:47+08:00
312,159902,中小100ETF,3.648,3.647,-0.03,0.079,2.21,69637,25203595.91,3.558,3.678,3.545,3.569,3.73,5.01,1.29,63.03,51186.0,18451.0,1306335.0,5.18,4789894.0,19.0,-3483559.0,-13.82,296375.0,1.18,-1602711.0,-6.36,-331,3.648,3.651,138960849.0,506929177,506929177,2024-11-11,2024-11-11 15:34:57+08:00
313,159790,碳中和ETF,0.647,0.6469,-0.02,0.014,2.21,792843,50750501.739,0.63,0.648,0.625,0.633,3.63,2.2,1.27,-80.59,467455.0,325388.0,10203738.0,20.11,14619587.0,28.81,-4415849.0,-8.7,-7255108.0,-14.3,-2948631.0,-5.81,3092,0.646,0.647,3608528480.0,2334717927,2334717927,2024-11-11,2024-11-11 15:34:57+08:00
314,562660,中证2000ETF华夏,1.168,1.1677,-0.03,0.025,2.19,40919,4714875.0,1.139,1.168,1.132,1.143,3.15,3.18,0.78,11.67,21212.0,19707.0,332758.0,7.06,-231.0,0.0,332989.0,7.06,-171850.0,-3.64,-160907.0,-3.41,1,1.166,1.168,128874000.0,150524832,150524832,2024-11-11,2024-11-11 16:11:35+08:00
315,516290,光伏龙头ETF,0.565,0.5659,0.16,0.012,2.17,377259,21147474.0,0.551,0.568,0.545,0.553,4.16,8.83,0.79,-21.28,220926.0,156333.0,3793790.0,17.94,1446791.0,6.84,2346999.0,11.1,-2421086.0,-11.45,-1372703.0,-6.49,-50,0.565,0.566,427196896.0,241366246,241366246,2024-11-11,2024-11-11 16:11:37+08:00
316,159629,1000ETF,2.671,2.6709,0.0,0.056,2.14,966529,254834461.665,2.59,2.671,2.59,2.615,3.1,2.32,0.57,-31.74,481495.0,485034.0,-2401232.0,-0.94,31515197.0,12.37,-33916429.0,-13.31,3749068.0,1.47,-1347835.0,-0.53,1348,2.67,2.671,4169252656.0,11136073844,11136073844,2024-11-11,2024-11-11 15:34:15+08:00
317,512810,国防军工ETF,1.387,1.3855,-0.11,0.029,2.14,669067,91841362.0,1.369,1.39,1.352,1.358,2.8,13.8,0.71,-55.22,362404.0,306663.0,-5228473.0,-5.69,-4958634.0,-5.4,-269839.0,-0.29,2990310.0,3.26,2238162.0,2.44,300,1.386,1.387,484791696.0,672406082,672406082,2024-11-11,2024-11-11 16:11:44+08:00
318,159885,碳中和ETF基金,0.67,0.6715,0.22,0.014,2.13,168185,11136737.505,0.654,0.671,0.651,0.656,3.05,3.46,1.97,-39.7,96223.0,71963.0,4588159.0,41.2,4466143.0,40.1,122016.0,1.1,-4378761.0,-39.32,-209399.0,-1.88,80,0.669,0.67,486467312.0,325933099,325933099,2024-11-11,2024-11-11 15:34:42+08:00
319,560110,中证1000ETF基金,0.96,0.962,0.21,0.02,2.13,440381,41806546.0,0.938,0.961,0.935,0.94,2.77,12.27,0.88,32.38,201586.0,238795.0,395299.0,0.95,7591455.0,18.16,-7196156.0,-17.21,-1332407.0,-3.19,937109.0,2.24,-10,0.959,0.961,358903504.0,344547364,344547364,2024-11-11,2024-11-11 16:11:48+08:00
320,159508,生物医药ETF基金,0.868,0.8683,0.03,0.018,2.12,87475,7466601.9,0.848,0.868,0.84,0.85,3.29,18.52,1.64,9.81,50807.0,36668.0,-402034.0,-5.38,2737020.0,36.66,-3139054.0,-42.04,293428.0,3.93,108606.0,1.45,529,0.867,0.868,47231598.0,40997027,40997027,2024-11-11,2024-11-11 15:34:21+08:00
321,562910,高端制造ETF,0.726,0.7254,-0.08,0.015,2.11,146272,10483619.0,0.711,0.727,0.707,0.711,2.81,8.16,0.95,-7.52,71194.0,75078.0,613365.0,5.85,1495170.0,14.26,-881805.0,-8.41,-246370.0,-2.35,-366994.0,-3.5,-3,0.726,0.727,179227300.0,130119020,130119020,2024-11-11,2024-11-11 16:11:48+08:00
322,159872,智能网联汽车ETF,0.97,0.9704,0.04,0.02,2.11,21016,2021381.424,0.963,0.97,0.939,0.95,3.26,3.4,0.51,-37.06,8546.0,12470.0,109053.0,5.39,0.0,0.0,109053.0,5.39,-175784.0,-8.7,66731.0,3.3,111,0.968,0.97,61799732.0,59945740,59945740,2024-11-11,2024-11-11 15:34:39+08:00
323,560560,碳中和ETF泰康,0.631,0.6312,0.03,0.013,2.1,12297,765313.0,0.62,0.631,0.618,0.618,2.1,0.96,0.54,-1.09,2742.0,9555.0,379055.0,49.53,287329.0,37.54,91726.0,11.99,-256083.0,-33.46,-122973.0,-16.07,1,0.63,0.631,128190100.0,80887953,80887953,2024-11-11,2024-11-11 16:11:56+08:00
324,159903,深成ETF,1.365,1.3662,0.09,0.028,2.09,304568,41058820.911,1.334,1.365,1.325,1.337,2.99,6.8,0.9,36.39,177803.0,126765.0,1061483.0,2.59,570995.0,1.39,490488.0,1.19,928165.0,2.26,-1989648.0,-4.85,-1941,1.365,1.366,448154512.0,611730909,611730909,2024-11-11,2024-11-11 15:34:54+08:00
325,562300,碳中和ETF基金,0.634,0.6352,0.19,0.013,2.09,28688,1805475.0,0.62,0.634,0.62,0.621,2.25,2.3,0.79,-17.44,10538.0,18150.0,158124.0,8.76,787889.0,43.64,-629765.0,-34.88,-116592.0,-6.46,-41532.0,-2.3,-12,0.634,0.635,124495000.0,78929830,78929830,2024-11-11,2024-11-11 16:11:50+08:00
326,159856,互联网龙头ETF,0.683,0.6864,0.5,0.014,2.09,105316,7125757.697,0.663,0.685,0.66,0.669,3.74,1.85,0.45,-7.06,55132.0,50184.0,1153231.0,16.18,495801.0,6.96,657430.0,9.23,-774217.0,-10.87,-379015.0,-5.32,-78,0.683,0.684,568372480.0,388198404,388198404,2024-11-11,2024-11-11 15:34:48+08:00
327,159536,中证2000ETF添富,1.077,1.0793,0.21,0.022,2.09,89513,9547209.871,1.049,1.077,1.044,1.055,3.13,12.92,0.75,-7.62,45323.0,44190.0,1041700.0,10.91,-289440.0,-3.03,1331140.0,13.94,-804533.0,-8.43,-237166.0,-2.48,37,1.076,1.077,69261589.0,74594731,74594731,2024-11-11,2024-11-11 15:34:54+08:00
328,159531,中证2000ETF,1.085,1.0816,-0.31,0.022,2.07,669267,71605681.964,1.051,1.085,1.048,1.063,3.48,12.57,0.68,67.52,303677.0,365590.0,2020165.0,2.82,462008.0,0.65,1558157.0,2.18,-811320.0,-1.13,-1208844.0,-1.69,11038,1.084,1.085,532608400.0,577880114,577880114,2024-11-11,2024-11-11 15:34:33+08:00
329,159680,1000ETF增强,1.184,1.1825,-0.13,0.024,2.07,222596,26142848.61,1.16,1.184,1.154,1.16,2.59,7.19,0.95,-13.37,122717.0,99879.0,1171860.0,4.48,4465354.0,17.08,-3293494.0,-12.6,-941106.0,-3.6,-230753.0,-0.88,696,1.183,1.184,309438080.0,366374687,366374687,2024-11-11,2024-11-11 15:35:00+08:00
330,560010,中证1000ETF指数,2.668,2.6741,0.23,0.054,2.07,1313449,347837056.0,2.598,2.672,2.597,2.614,2.87,1.31,0.48,4.62,632294.0,681155.0,20178237.0,5.8,151190811.0,43.47,-131012574.0,-37.66,-11212961.0,-3.22,-8965276.0,-2.58,-12,2.668,2.67,10050621696.0,26815058685,26815058685,2024-11-11,2024-11-11 16:11:53+08:00
331,563010,电信ETF,1.337,1.3305,-0.49,0.027,2.06,15405,2048270.0,1.312,1.337,1.306,1.31,2.37,2.65,0.81,-0.69,13554.0,1851.0,-9596.0,-0.47,661664.0,32.3,-671260.0,-32.77,34563.0,1.69,-24968.0,-1.22,-3,1.337,1.338,58189300.0,77799094,77799094,2024-11-11,2024-11-11 16:11:37+08:00
332,516300,中证1000指数ETF,2.626,2.6299,0.15,0.053,2.06,117200,30438315.0,2.574,2.631,2.562,2.573,2.68,14.47,1.0,-6.35,57964.0,59236.0,780245.0,2.56,3385314.0,11.12,-2605069.0,-8.56,-204326.0,-0.67,-575918.0,-1.89,300,2.623,2.625,81012600.0,212739088,212739088,2024-11-11,2024-11-11 16:11:50+08:00
333,517200,互联网ETF,0.695,0.6995,0.64,0.014,2.06,59410,4088247.0,0.681,0.697,0.661,0.681,5.29,2.82,0.77,-32.05,29803.0,29607.0,566906.0,13.87,-392027.0,-9.59,958933.0,23.46,-227030.0,-5.55,-339875.0,-8.31,-2,0.695,0.696,210782000.0,146493490,146493490,2024-11-11,2024-11-11 16:12:01+08:00
334,159532,中证2000指数ETF,1.155,1.1554,0.03,0.023,2.03,79690,9077204.896,1.114,1.155,1.113,1.132,3.71,11.79,1.2,29.84,35425.0,44265.0,854180.0,9.41,-135969.0,-1.5,990149.0,10.91,-764889.0,-8.43,-89290.0,-0.98,-90,1.155,1.156,67564791.0,78037334,78037334,2024-11-11,2024-11-11 15:35:03+08:00
335,560960,碳中和60指数ETF,0.855,0.8559,0.11,0.017,2.03,34160,2896110.0,0.845,0.856,0.837,0.838,2.27,5.21,0.41,-3.73,15653.0,18507.0,-64427.0,-2.22,0.0,0.0,-64427.0,-2.22,41725.0,1.44,22701.0,0.78,-2,0.854,0.858,65598900.0,56087060,56087060,2024-11-11,2024-11-11 16:11:35+08:00
336,159535,中证2000ETF指数,1.11,1.1126,0.23,0.022,2.02,73376,8076520.194,1.088,1.11,1.058,1.088,4.78,20.98,1.17,21.02,45192.0,28184.0,578438.0,7.16,-1185606.0,-14.68,1764044.0,21.84,-616997.0,-7.64,38558.0,0.48,5284,1.109,1.11,34981088.0,38829008,38829008,2024-11-11,2024-11-11 15:34:18+08:00
337,159943,深证成指ETF,1.212,1.2118,-0.02,0.024,2.02,173420,20717545.897,1.185,1.212,1.16,1.188,4.38,8.29,0.99,34.24,91612.0,81808.0,4458193.0,21.52,4111952.0,19.85,346241.0,1.67,-2964948.0,-14.31,-1493246.0,-7.21,-2067,1.212,1.213,209229922.0,253586665,253586665,2024-11-11,2024-11-11 15:34:24+08:00
338,159969,深100ETF银华,1.266,1.2653,-0.06,0.025,2.01,17150,2134928.9,1.241,1.266,1.233,1.241,2.66,9.58,0.84,-25.74,12360.0,4790.0,505941.0,23.7,0.0,0.0,505941.0,23.7,-452902.0,-21.21,-53039.0,-2.48,3,1.264,1.269,17903014.0,22665216,22665216,2024-11-11,2024-11-11 15:34:36+08:00
